<?xml version="1.0" encoding="UTF-8"?>
<!DOCTYPE html PUBLIC "-//W3C//DTD XHTML 1.0 Transitional//EN"
    "http://www.w3.org/TR/xhtml1/DTD/xhtml1-transitional.dtd">
<html xmlns="http://www.w3.org/1999/xhtml" xml:lang="en" lang="en">
 <head>
  <title>
</title>
<meta http-equiv="Content-Type" content="text/html;charset=utf-8" />
  <meta name='ocr-system' content='tesseract 3.04.00' />
  <meta name='ocr-capabilities' content='ocr_page ocr_carea ocr_par ocr_line ocrx_word'/>
</head>
<body>
  <div class='ocr_page' id='page_1' title='image "./elementalogices00arisgoog_0133.png"; bbox 0 0 2618 4546; ppageno 0'>
   <div class='ocr_carea' id='block_1_1' title="bbox 101 149 1112 253">
    <p class='ocr_par' dir='ltr' id='par_1_1' title="bbox 101 98 1112 253">
     <span class='ocr_line' id='line_1_1' title="bbox 101 149 1112 253; baseline 0.001 -32"><span class='ocrx_word' id='word_1_1' title='bbox 101 149 170 224; x_wconf 76' lang='lat' dir='ltr'>rot</span> <span class='ocrx_word' id='word_1_2' title='bbox 318 98 727 253; x_wconf 69' lang='grc' dir='ltr'> </span> <span class='ocrx_word' id='word_1_3' title='bbox 1106 164 1112 198; x_wconf 80' lang='grc'><em>·</em></span> 
     </span>
    </p>
   </div>
   <div class='ocr_carea' id='block_1_2' title="bbox 24 325 1231 2221">
    <p class='ocr_par' dir='ltr' id='par_1_2' title="bbox 24 325 1231 2221">
     <span class='ocr_line' id='line_1_2' title="bbox 187 325 1196 421; baseline -0.005 -23"><span class='ocrx_word' id='word_1_4' title='bbox 187 330 455 421; x_wconf 72' lang='lat' dir='ltr'>durrqqdrreru</span> <span class='ocrx_word' id='word_1_5' title='bbox 487 339 522 402; x_wconf 89' lang='lat' dir='ltr'>ln</span> <span class='ocrx_word' id='word_1_6' title='bbox 549 357 615 403; x_wconf 82' lang='lat' dir='ltr'>uno</span> <span class='ocrx_word' id='word_1_7' title='bbox 643 325 782 403; x_wconf 78' lang='lat' dir='ltr'>minime</span> <span class='ocrx_word' id='word_1_8' title='bbox 810 347 845 400; x_wconf 84' lang='lat' dir='ltr'>re</span> <span class='ocrx_word' id='word_1_9' title='bbox 866 331 1028 414; x_wconf 75' lang='lat' dir='ltr'>adhiberi,</span> <span class='ocrx_word' id='word_1_10' title='bbox 1058 329 1196 414; x_wconf 81' lang='lat' dir='ltr'>siquod</span> 
     </span>
     <span class='ocr_line' id='line_1_3' title="bbox 103 442 1196 534; baseline -0.003 -24"><span class='ocrx_word' id='word_1_11' title='bbox 103 468 216 534; x_wconf 88' lang='lat' dir='ltr'>corpus</span> <span class='ocrx_word' id='word_1_12' title='bbox 244 449 379 514; x_wconf 89' lang='lat' dir='ltr'>coeleste</span> <span class='ocrx_word' id='word_1_13' title='bbox 407 451 494 516; x_wconf 84' lang='lat' dir='ltr'>inter</span> <span class='ocrx_word' id='word_1_14' title='bbox 519 449 628 514; x_wconf 87' lang='lat' dir='ltr'>lumen</span> <span class='ocrx_word' id='word_1_15' title='bbox 649 460 684 512; x_wconf 91' lang='lat' dir='ltr'>et</span> <span class='ocrx_word' id='word_1_16' title='bbox 709 450 758 530; x_wconf 86' lang='lat' dir='ltr'>id,</span> <span class='ocrx_word' id='word_1_17' title='bbox 787 446 871 530; x_wconf 89' lang='lat' dir='ltr'>quod</span> <span class='ocrx_word' id='word_1_18' title='bbox 897 444 1121 524; x_wconf 85' lang='lat' dir='ltr'>collustratur,</span> <span class='ocrx_word' id='word_1_19' title='bbox 1148 442 1196 507; x_wconf 87' lang='lat' dir='ltr'>ite</span> 
     </span>
     <span class='ocr_line' id='line_1_4' title="bbox 103 552 1231 648; baseline -0.006 -25"><span class='ocrx_word' id='word_1_20' title='bbox 103 559 327 646; x_wconf 83' lang='lat' dir='ltr'><strong>interponitur,</strong></span> <span class='ocrx_word' id='word_1_21' title='bbox 349 573 386 625; x_wconf 89' lang='lat' dir='ltr'>nt</span> <span class='ocrx_word' id='word_1_22' title='bbox 405 559 514 627; x_wconf 87' lang='lat' dir='ltr'>lumen</span> <span class='ocrx_word' id='word_1_23' title='bbox 535 561 769 648; x_wconf 78' lang='lat' dir='ltr'>intercipiatur,</span> <span class='ocrx_word' id='word_1_24' title='bbox 797 556 992 623; x_wconf 80' lang='lat' dir='ltr'>ostendimus</span> <span class='ocrx_word' id='word_1_25' title='bbox 1014 555 1057 621; x_wconf 86' lang='lat' dir='ltr'>ad</span> <span class='ocrx_word' id='word_1_26' title='bbox 1079 552 1142 620; x_wconf 72' lang='lat' dir='ltr'>An·</span> <span class='ocrx_word' id='word_1_27' title='bbox 1164 552 1195 616; x_wconf 86' lang='lat' dir='ltr'>d.</span> <span class='ocrx_word' id='word_1_28' title='bbox 1226 560 1231 577; x_wconf 89' lang='lat'><em>&#39;</em></span> 
     </span>
     <span class='ocr_line' id='line_1_5' title="bbox 24 669 1192 756; baseline -0.003 -17"><span class='ocrx_word' id='word_1_29' title='bbox 24 733 27 739; x_wconf 18' lang='grc' dir='ltr'><em>Α</em></span> <span class='ocrx_word' id='word_1_30' title='bbox 104 669 400 756; x_wconf 69' lang='lat' dir='ltr'>cantatu.</span> <span class='ocrx_word' id='word_1_31' title='bbox 470 692 472 697; x_wconf 92' lang='lat'>·</span> <span class='ocrx_word' id='word_1_32' title='bbox 574 708 576 719; x_wconf 44' lang='grc' dir='ltr'><strong>ν</strong></span> <span class='ocrx_word' id='word_1_33' title='bbox 1189 683 1192 689; x_wconf 86' lang='grc'><em>·</em></span> 
     </span>
     <span class='ocr_line' id='line_1_6' title="bbox 192 769 1198 866; baseline -0.003 -24"><span class='ocrx_word' id='word_1_34' title='bbox 192 772 258 842; x_wconf 73' lang='grc' dir='ltr'>διο)</span> <span class='ocrx_word' id='word_1_35' title='bbox 287 772 327 843; x_wconf 65' lang='grc' dir='ltr'>η)</span> <span class='ocrx_word' id='word_1_36' title='bbox 354 772 473 866; x_wconf 67' lang='grc' dir='ltr'><strong>λόγον</strong></span> <span class='ocrx_word' id='word_1_37' title='bbox 501 769 611 856; x_wconf 60' lang='grc' dir='ltr'><strong><em>ἔχειν</em></strong></span> <span class='ocrx_word' id='word_1_38' title='bbox 641 773 848 865; x_wconf 58' lang='grc' dir='ltr'>ἀριθμῶν]</span> <span class='ocrx_word' id='word_1_39' title='bbox 879 774 950 842; x_wconf 78' lang='lat' dir='ltr'>Iam</span> <span class='ocrx_word' id='word_1_40' title='bbox 975 775 1198 861; x_wconf 75' lang='lat' dir='ltr'>Pythagorttm</span> 
     </span>
     <span class='ocr_line' id='line_1_7' title="bbox 32 890 1198 976; baseline -0.005 -20"><span class='ocrx_word' id='word_1_41' title='bbox 32 969 34 976; x_wconf 26' lang='grc' dir='ltr'>Ι</span> <span class='ocrx_word' id='word_1_42' title='bbox 106 904 281 958; x_wconf 84' lang='lat' dir='ltr'>concentus</span> <span class='ocrx_word' id='word_1_43' title='bbox 306 913 420 958; x_wconf 86' lang='lat' dir='ltr'>causas</span> <span class='ocrx_word' id='word_1_44' title='bbox 448 894 490 958; x_wconf 88' lang='lat' dir='ltr'>od</span> <span class='ocrx_word' id='word_1_45' title='bbox 519 906 623 957; x_wconf 84' lang='lat' dir='ltr'>certas</span> <span class='ocrx_word' id='word_1_46' title='bbox 643 910 847 957; x_wconf 89' lang='lat' dir='ltr'>numerorum</span> <span class='ocrx_word' id='word_1_47' title='bbox 867 890 1011 953; x_wconf 81' lang='lat' dir='ltr'>rationes</span> <span class='ocrx_word' id='word_1_48' title='bbox 1032 907 1198 961; x_wconf 81' lang='lat' dir='ltr'>revocasse</span> 
     </span>
     <span class='ocr_line' id='line_1_8' title="bbox 105 986 1199 1081; baseline -0.007 -13"><span class='ocrx_word' id='word_1_49' title='bbox 105 1004 185 1068; x_wconf 81' lang='lat' dir='ltr'>satis</span> <span class='ocrx_word' id='word_1_50' title='bbox 207 1017 342 1068; x_wconf 82' lang='lat' dir='ltr'>constat</span> <span class='ocrx_word' id='word_1_51' title='bbox 386 986 518 1068; x_wconf 81' lang='lat' dir='ltr'>Resab</span> <span class='ocrx_word' id='word_1_52' title='bbox 535 1003 736 1068; x_wconf 48' lang='lat' dir='ltr'>‘harmonicis</span> <span class='ocrx_word' id='word_1_53' title='bbox 753 1012 901 1081; x_wconf 86' lang='lat' dir='ltr'>tractata,</span> <span class='ocrx_word' id='word_1_54' title='bbox 925 1002 963 1064; x_wconf 87' lang='lat' dir='ltr'>cf.</span> <span class='ocrx_word' id='word_1_55' title='bbox 981 997 1199 1064; x_wconf 83' lang='lat' dir='ltr'>Euclidsect.</span> 
     </span>
     <span class='ocr_line' id='line_1_9' title="bbox 106 1108 1201 1201; baseline -0.003 -26"><span class='ocrx_word' id='word_1_56' title='bbox 106 1132 220 1177; x_wconf 83' lang='lat' dir='ltr'>aenon.</span> <span class='ocrx_word' id='word_1_57' title='bbox 242 1113 321 1177; x_wconf 88' lang='lat' dir='ltr'>XII.</span> <span class='ocrx_word' id='word_1_58' title='bbox 344 1113 489 1178; x_wconf 77' lang='lat' dir='ltr'>hermon.</span> <span class='ocrx_word' id='word_1_59' title='bbox 510 1135 542 1201; x_wconf 89' lang='lat' dir='ltr'>p.</span> <span class='ocrx_word' id='word_1_60' title='bbox 566 1114 593 1181; x_wconf 92' lang='lat'>1.</span> <span class='ocrx_word' id='word_1_61' title='bbox 639 1114 816 1185; x_wconf 84' lang='lat' dir='ltr'>Christian.</span> <span class='ocrx_word' id='word_1_62' title='bbox 833 1111 919 1196; x_wconf 82' lang='lat' dir='ltr'>Aug.</span> <span class='ocrx_word' id='word_1_63' title='bbox 935 1110 1078 1176; x_wconf 86' lang='lat' dir='ltr'>Brandis</span> <span class='ocrx_word' id='word_1_64' title='bbox 1092 1108 1201 1174; x_wconf 85' lang='lat' dir='ltr'>Hand·</span> 
     </span>
     <span class='ocr_line' id='line_1_10' title="bbox 106 1219 1202 1311; baseline -0.002 -25"><span class='ocrx_word' id='word_1_65' title='bbox 106 1221 188 1286; x_wconf 86' lang='lat' dir='ltr'>buch</span> <span class='ocrx_word' id='word_1_66' title='bbox 210 1224 267 1287; x_wconf 84' lang='lat' dir='ltr'>der</span> <span class='ocrx_word' id='word_1_67' title='bbox 290 1223 482 1290; x_wconf 82' lang='lat' dir='ltr'>Geschichte</span> <span class='ocrx_word' id='word_1_68' title='bbox 503 1227 559 1290; x_wconf 88' lang='lat' dir='ltr'>der</span> <span class='ocrx_word' id='word_1_69' title='bbox 582 1221 968 1311; x_wconf 79' lang='lat' dir='ltr'>grieolrisch-riimischen</span> <span class='ocrx_word' id='word_1_70' title='bbox 990 1219 1202 1309; x_wconf 72' lang='lat' dir='ltr'>Philosophia</span> 
     </span>
     <span class='ocr_line' id='line_1_11' title="bbox 106 1331 725 1419; baseline 0 -22"><span class='ocrx_word' id='word_1_71' title='bbox 106 1353 137 1419; x_wconf 91' lang='lat' dir='ltr'>p.</span> <span class='ocrx_word' id='word_1_72' title='bbox 161 1331 234 1398; x_wconf 77' lang='lat'>457.</span> <span class='ocrx_word' id='word_1_73' title='bbox 723 1350 725 1355; x_wconf 86' lang='lat'>·</span> 
     </span>
     <span class='ocr_line' id='line_1_12' title="bbox 197 1428 1204 1537; baseline -0.004 -28"><span class='ocrx_word' id='word_1_74' title='bbox 197 1443 248 1509; x_wconf 90' lang='lat' dir='ltr'>lta</span> <span class='ocrx_word' id='word_1_75' title='bbox 277 1447 402 1528; x_wconf 88' lang='lat' dir='ltr'>quidem</span> <span class='ocrx_word' id='word_1_76' title='bbox 429 1447 483 1530; x_wconf 88' lang='lat' dir='ltr'>iit,</span> <span class='ocrx_word' id='word_1_77' title='bbox 511 1428 562 1530; x_wconf 83' lang='lat' dir='ltr'>ut,</span> <span class='ocrx_word' id='word_1_78' title='bbox 598 1461 764 1537; x_wconf 83' lang='lat' dir='ltr'>postquam</span> <span class='ocrx_word' id='word_1_79' title='bbox 790 1432 867 1530; x_wconf 86' lang='lat' dir='ltr'>quid</span> <span class='ocrx_word' id='word_1_80' title='bbox 893 1447 937 1510; x_wconf 88' lang='lat' dir='ltr'>sit</span> <span class='ocrx_word' id='word_1_81' title='bbox 970 1452 1023 1509; x_wconf 77' lang='lat' dir='ltr'>rea</span> <span class='ocrx_word' id='word_1_82' title='bbox 1055 1451 1204 1507; x_wconf 85' lang='lat' dir='ltr'>accurate</span> 
     </span>
     <span class='ocr_line' id='line_1_13' title="bbox 112 1553 1204 1646; baseline -0.001 -28"><span class='ocrx_word' id='word_1_83' title='bbox 112 1557 317 1640; x_wconf 79' lang='lat' dir='ltr'>cognoveris,</span> <span class='ocrx_word' id='word_1_84' title='bbox 344 1562 394 1625; x_wconf 88' lang='lat' dir='ltr'>rei</span> <span class='ocrx_word' id='word_1_85' title='bbox 422 1580 518 1624; x_wconf 87' lang='lat' dir='ltr'>eausa</span> <span class='ocrx_word' id='word_1_86' title='bbox 546 1563 778 1646; x_wconf 87' lang='lat' dir='ltr'>semetipsam</span> <span class='ocrx_word' id='word_1_87' title='bbox 805 1559 938 1645; x_wconf 84' lang='lat' dir='ltr'>aperiat.</span> <span class='ocrx_word' id='word_1_88' title='bbox 984 1555 1035 1620; x_wconf 82' lang='lat' dir='ltr'>cf.</span> <span class='ocrx_word' id='word_1_89' title='bbox 1057 1553 1124 1618; x_wconf 83' lang='lat' dir='ltr'>eth.</span> <span class='ocrx_word' id='word_1_90' title='bbox 1145 1554 1204 1617; x_wconf 87' lang='lat' dir='ltr'>Ni·</span> 
     </span>
     <span class='ocr_line' id='line_1_14' title="bbox 112 1648 1203 1753; baseline -0.006 -24"><span class='ocrx_word' id='word_1_91' title='bbox 112 1687 192 1730; x_wconf 87' lang='lat' dir='ltr'>com.</span> <span class='ocrx_word' id='word_1_92' title='bbox 212 1666 241 1743; x_wconf 72' lang='lat' dir='ltr'>i.</span> <span class='ocrx_word' id='word_1_93' title='bbox 264 1665 295 1732; x_wconf 71' lang='lat'>2.</span> <span class='ocrx_word' id='word_1_94' title='bbox 318 1660 488 1753; x_wconf 60' lang='grc' dir='ltr'>ἅρχῆψᾶρ</span> <span class='ocrx_word' id='word_1_95' title='bbox 508 1660 543 1731; x_wconf 80' lang='lat' dir='ltr'>rd</span> <span class='ocrx_word' id='word_1_96' title='bbox 563 1648 625 1749; x_wconf 72' lang='lat' dir='ltr'>iu,</span> <span class='ocrx_word' id='word_1_97' title='bbox 652 1660 708 1730; x_wconf 78' lang='lat' dir='ltr'>ocul</span> <span class='ocrx_word' id='word_1_98' title='bbox 734 1665 767 1730; x_wconf 78' lang='grc' dir='ltr'>εἰ</span> <span class='ocrx_word' id='word_1_99' title='bbox 792 1665 901 1730; x_wconf 64' lang='lat' dir='ltr'>codro</span> <span class='ocrx_word' id='word_1_100' title='bbox 929 1659 1111 1746; x_wconf 67' lang='grc' dir='ltr'>φαίνοιτο</span> <span class='ocrx_word' id='word_1_101' title='bbox 1139 1657 1203 1747; x_wconf 74' lang='lat' dir='ltr'>cip.</span> 
     </span>
     <span class='ocr_line' id='line_1_15' title="bbox 113 1768 1023 1865; baseline 0.001 -26"><span class='ocrx_word' id='word_1_102' title='bbox 113 1768 303 1856; x_wconf 67' lang='lat' dir='ltr'>moderere,</span> <span class='ocrx_word' id='word_1_103' title='bbox 325 1771 421 1844; x_wconf 74' lang='lat' dir='ltr'>odoia</span> <span class='ocrx_word' id='word_1_104' title='bbox 440 1774 623 1865; x_wconf 70' lang='lat' dir='ltr'>upoodcdotoc</span> <span class='ocrx_word' id='word_1_105' title='bbox 644 1777 700 1842; x_wconf 72' lang='lat' dir='ltr'>roll</span> <span class='ocrx_word' id='word_1_106' title='bbox 720 1769 870 1862; x_wconf 55' lang='lat' dir='ltr'>dedusci.</span> <span class='ocrx_word' id='word_1_107' title='bbox 893 1779 921 1858; x_wconf 66' lang='lat'>§-</span> <span class='ocrx_word' id='word_1_108' title='bbox 947 1777 1023 1860; x_wconf 84' lang='lat'>13.).</span> 
     </span>
     <span class='ocr_line' id='line_1_16' title="bbox 548 1892 708 1974; baseline -0.019 -14"><span class='ocrx_word' id='word_1_109' title='bbox 548 1918 555 1933; x_wconf 89' lang='lat'><strong>·</strong></span> <span class='ocrx_word' id='word_1_110' title='bbox 609 1894 636 1974; x_wconf 67' lang='lat' dir='ltr'>i.</span> <span class='ocrx_word' id='word_1_111' title='bbox 656 1892 708 1961; x_wconf 82' lang='grc'>59.</span> 
     </span>
     <span class='ocr_line' id='line_1_17' title="bbox 203 1991 1207 2091; baseline 0 -29"><span class='ocrx_word' id='word_1_112' title='bbox 203 1991 253 2062; x_wconf 82' lang='lat' dir='ltr'>Td</span> <span class='ocrx_word' id='word_1_113' title='bbox 274 1994 346 2085; x_wconf 74' lang='lat' dir='ltr'>plu</span> <span class='ocrx_word' id='word_1_114' title='bbox 366 1993 493 2067; x_wconf 73' lang='lat' dir='ltr'>cirron</span> <span class='ocrx_word' id='word_1_115' title='bbox 514 1997 555 2067; x_wconf 74' lang='lat' dir='ltr'>rd</span> <span class='ocrx_word' id='word_1_116' title='bbox 577 2001 715 2091; x_wconf 77' lang='grc' dir='ltr'>μέσον]</span> <span class='ocrx_word' id='word_1_117' title='bbox 739 2005 891 2070; x_wconf 85' lang='lat' dir='ltr'>Termino</span> <span class='ocrx_word' id='word_1_118' title='bbox 914 2002 1017 2067; x_wconf 84' lang='lat' dir='ltr'>medio</span> <span class='ocrx_word' id='word_1_119' title='bbox 1040 2018 1138 2065; x_wconf 80' lang='lat' dir='ltr'>causa</span> <span class='ocrx_word' id='word_1_120' title='bbox 1158 1999 1207 2062; x_wconf 87' lang='lat' dir='ltr'>in·</span> 
     </span>
     <span class='ocr_line' id='line_1_18' title="bbox 116 2111 1207 2221; baseline -0.002 -48"><span class='ocrx_word' id='word_1_121' title='bbox 116 2121 175 2191; x_wconf 87' lang='lat' dir='ltr'>est,</span> <span class='ocrx_word' id='word_1_122' title='bbox 197 2134 238 2178; x_wconf 82' lang='lat' dir='ltr'>ex</span> <span class='ocrx_word' id='word_1_123' title='bbox 259 2136 321 2197; x_wconf 90' lang='lat' dir='ltr'>qua</span> <span class='ocrx_word' id='word_1_124' title='bbox 342 2117 550 2182; x_wconf 79' lang='lat' dir='ltr'>concluditur.</span> <span class='ocrx_word' id='word_1_125' title='bbox 595 2119 647 2181; x_wconf 85' lang='lat' dir='ltr'>lta</span> <span class='ocrx_word' id='word_1_126' title='bbox 677 2118 707 2180; x_wconf 90' lang='lat' dir='ltr'>si</span> <span class='ocrx_word' id='word_1_127' title='bbox 734 2136 869 2221; x_wconf 43' lang='lat' dir='ltr'>causam·</span> <span class='ocrx_word' id='word_1_128' title='bbox 890 2134 1040 2197; x_wconf 87' lang='lat' dir='ltr'>quceras,</span> <span class='ocrx_word' id='word_1_129' title='bbox 1068 2111 1207 2174; x_wconf 89' lang='lat' dir='ltr'>medium</span> 
     </span>
    </p>
   </div>
   <div class='ocr_carea' id='block_1_3' title="bbox 21 2223 1206 2310">
    <p class='ocr_par' dir='ltr' id='par_1_3' title="bbox 21 2223 1206 2310">
     <span class='ocr_line' id='line_1_19' title="bbox 21 2223 1206 2310; baseline 0 -26"><span class='ocrx_word' id='word_1_130' title='bbox 21 2233 24 2237; x_wconf 82' lang='lat'>&#39;</span> <span class='ocrx_word' id='word_1_131' title='bbox 116 2226 324 2306; x_wconf 79' lang='lat' dir='ltr'>quaesiveris,</span> <span class='ocrx_word' id='word_1_132' title='bbox 352 2249 393 2290; x_wconf 87' lang='lat' dir='ltr'>ex</span> <span class='ocrx_word' id='word_1_133' title='bbox 422 2248 482 2309; x_wconf 89' lang='lat' dir='ltr'>quo</span> <span class='ocrx_word' id='word_1_134' title='bbox 510 2248 562 2290; x_wconf 88' lang='lat' dir='ltr'>res</span> <span class='ocrx_word' id='word_1_135' title='bbox 589 2239 622 2290; x_wconf 87' lang='lat' dir='ltr'>et</span> <span class='ocrx_word' id='word_1_136' title='bbox 648 2229 692 2291; x_wconf 89' lang='lat' dir='ltr'>sit</span> <span class='ocrx_word' id='word_1_137' title='bbox 712 2239 744 2290; x_wconf 89' lang='lat' dir='ltr'>et</span> <span class='ocrx_word' id='word_1_138' title='bbox 767 2238 985 2310; x_wconf 83' lang='lat' dir='ltr'>cognoscatur.</span> <span class='ocrx_word' id='word_1_139' title='bbox 1030 2223 1206 2305; x_wconf 88' lang='lat' dir='ltr'>Utrumque</span> 
     </span>
    </p>
   </div>
   <div class='ocr_carea' id='block_1_4' title="bbox 45 2334 1216 3866">
    <p class='ocr_par' dir='ltr' id='par_1_4' title="bbox 45 2334 959 2421">
     <span class='ocr_line' id='line_1_20' title="bbox 45 2334 959 2421; baseline 0.003 -27"><span class='ocrx_word' id='word_1_140' title='bbox 45 2355 63 2377; x_wconf 70' lang='lat'><strong><em>‘</em></strong></span> <span class='ocrx_word' id='word_1_141' title='bbox 117 2334 203 2398; x_wconf 86' lang='lat' dir='ltr'>enirn</span> <span class='ocrx_word' id='word_1_142' title='bbox 225 2337 427 2399; x_wconf 89' lang='lat' dir='ltr'>coniunctum</span> <span class='ocrx_word' id='word_1_143' title='bbox 448 2358 518 2421; x_wconf 85' lang='lat' dir='ltr'>esse</span> <span class='ocrx_word' id='word_1_144' title='bbox 539 2338 631 2400; x_wconf 91' lang='lat' dir='ltr'>debet</span> <span class='ocrx_word' id='word_1_145' title='bbox 652 2338 703 2416; x_wconf 85' lang='lat' dir='ltr'>(cf.</span> <span class='ocrx_word' id='word_1_146' title='bbox 726 2338 768 2400; x_wconf 90' lang='lat' dir='ltr'>ad</span> <span class='ocrx_word' id='word_1_147' title='bbox 790 2339 816 2417; x_wconf 69' lang='lat' dir='ltr'>d.</span> <span class='ocrx_word' id='word_1_148' title='bbox 841 2335 905 2418; x_wconf 78' lang='lat'>14.)</span> <span class='ocrx_word' id='word_1_149' title='bbox 921 2338 959 2416; x_wconf 87' lang='lat'>¹).</span> 
     </span>
    </p>

    <p class='ocr_par' dir='ltr' id='par_1_5' title="bbox 74 2442 1207 2751">
     <span class='ocr_line' id='line_1_21' title="bbox 203 2442 1204 2536; baseline 0 -30"><span class='ocrx_word' id='word_1_150' title='bbox 203 2442 369 2532; x_wconf 83' lang='lat' dir='ltr'>Exempla,</span> <span class='ocrx_word' id='word_1_151' title='bbox 392 2468 471 2529; x_wconf 91' lang='lat' dir='ltr'>quae</span> <span class='ocrx_word' id='word_1_152' title='bbox 486 2449 526 2512; x_wconf 85' lang='lat' dir='ltr'>eb</span> <span class='ocrx_word' id='word_1_153' title='bbox 540 2447 717 2514; x_wconf 84' lang='lat' dir='ltr'>Aristotele</span> <span class='ocrx_word' id='word_1_154' title='bbox 731 2463 952 2536; x_wconf 87' lang='lat' dir='ltr'>preponuntur</span> <span class='ocrx_word' id='word_1_155' title='bbox 975 2444 1111 2528; x_wconf 85' lang='lat' dir='ltr'>(analyt.</span> <span class='ocrx_word' id='word_1_156' title='bbox 1126 2453 1204 2532; x_wconf 86' lang='lat' dir='ltr'>post.</span> 
     </span>
     <span class='ocr_line' id='line_1_22' title="bbox 117 2552 1206 2644; baseline -0.001 -26"><span class='ocrx_word' id='word_1_157' title='bbox 117 2552 162 2618; x_wconf 88' lang='lat'>11.</span> <span class='ocrx_word' id='word_1_158' title='bbox 186 2552 235 2617; x_wconf 88' lang='grc'>11.</span> <span class='ocrx_word' id='word_1_159' title='bbox 255 2555 330 2637; x_wconf 69' lang='lat'>12),</span> <span class='ocrx_word' id='word_1_160' title='bbox 352 2577 420 2621; x_wconf 88' lang='lat' dir='ltr'>rem</span> <span class='ocrx_word' id='word_1_161' title='bbox 442 2559 656 2624; x_wconf 84' lang='lat' dir='ltr'>illustrabunt.</span> <span class='ocrx_word' id='word_1_162' title='bbox 700 2560 787 2624; x_wconf 88' lang='lat' dir='ltr'>Nota</span> <span class='ocrx_word' id='word_1_163' title='bbox 810 2571 858 2624; x_wconf 87' lang='lat' dir='ltr'>est</span> <span class='ocrx_word' id='word_1_164' title='bbox 880 2570 1114 2644; x_wconf 85' lang='lat' dir='ltr'>geometrarum</span> <span class='ocrx_word' id='word_1_165' title='bbox 1135 2575 1206 2642; x_wconf 91' lang='lat' dir='ltr'>pro-</span> 
     </span>
     <span class='ocr_line' id='line_1_23' title="bbox 74 2666 1207 2751; baseline -0.001 -22"><span class='ocrx_word' id='word_1_166' title='bbox 74 2724 77 2729; x_wconf 92' lang='lat'>.</span> <span class='ocrx_word' id='word_1_167' title='bbox 118 2666 234 2749; x_wconf 88' lang='lat' dir='ltr'>positio</span> <span class='ocrx_word' id='word_1_168' title='bbox 256 2668 393 2748; x_wconf 82' lang='lat' dir='ltr'>(Euclid.</span> <span class='ocrx_word' id='word_1_169' title='bbox 415 2670 561 2734; x_wconf 90' lang='lat' dir='ltr'>element.</span> <span class='ocrx_word' id='word_1_170' title='bbox 584 2671 645 2735; x_wconf 81' lang='grc' dir='ltr'><strong>ΙΙΙ.</strong></span> <span class='ocrx_word' id='word_1_171' title='bbox 669 2669 752 2751; x_wconf 69' lang='grc'><strong>31),</strong></span> <span class='ocrx_word' id='word_1_172' title='bbox 780 2673 815 2734; x_wconf 89' lang='lat' dir='ltr'>in</span> <span class='ocrx_word' id='word_1_173' title='bbox 845 2671 964 2734; x_wconf 89' lang='lat' dir='ltr'>circulo</span> <span class='ocrx_word' id='word_1_174' title='bbox 993 2669 1125 2732; x_wconf 90' lang='lat' dir='ltr'>dimidio</span> <span class='ocrx_word' id='word_1_175' title='bbox 1154 2686 1207 2729; x_wconf 90' lang='lat' dir='ltr'>an-</span> 
     </span>
    </p>

    <p class='ocr_par' dir='ltr' id='par_1_6' title="bbox 120 2775 1208 2869">
     <span class='ocr_line' id='line_1_24' title="bbox 120 2775 1208 2869; baseline 0.003 -32"><span class='ocrx_word' id='word_1_176' title='bbox 120 2775 228 2857; x_wconf 84' lang='lat' dir='ltr'>gulum</span> <span class='ocrx_word' id='word_1_177' title='bbox 250 2780 404 2844; x_wconf 81' lang='lat' dir='ltr'>diametro</span> <span class='ocrx_word' id='word_1_178' title='bbox 427 2793 676 2869; x_wconf 83' lang='lat' dir='ltr'>superstructum</span> <span class='ocrx_word' id='word_1_179' title='bbox 697 2782 739 2844; x_wconf 89' lang='lat' dir='ltr'>ad</span> <span class='ocrx_word' id='word_1_180' title='bbox 754 2783 922 2845; x_wconf 89' lang='lat' dir='ltr'>circuitum</span> <span class='ocrx_word' id='word_1_181' title='bbox 937 2793 1123 2867; x_wconf 86' lang='lat' dir='ltr'>protensum</span> <span class='ocrx_word' id='word_1_182' title='bbox 1140 2798 1208 2841; x_wconf 85' lang='lat' dir='ltr'>esse</span> 
     </span>
    </p>

    <p class='ocr_par' dir='ltr' id='par_1_7' title="bbox 56 2875 1212 3755">
     <span class='ocr_line' id='line_1_25' title="bbox 56 2875 1210 2977; baseline 0.003 -29"><span class='ocrx_word' id='word_1_183' title='bbox 56 2875 59 2879; x_wconf 8' lang='grc' dir='ltr'><strong><em>ἢ</em></strong></span> <span class='ocrx_word' id='word_1_184' title='bbox 120 2899 250 2950; x_wconf 86' lang='lat' dir='ltr'>rectum.</span> <span class='ocrx_word' id='word_1_185' title='bbox 294 2890 336 2953; x_wconf 90' lang='lat' dir='ltr'>ln</span> <span class='ocrx_word' id='word_1_186' title='bbox 358 2911 419 2972; x_wconf 87' lang='lat' dir='ltr'>qua</span> <span class='ocrx_word' id='word_1_187' title='bbox 441 2893 688 2977; x_wconf 86' lang='lat' dir='ltr'>demonstranda</span> <span class='ocrx_word' id='word_1_188' title='bbox 709 2893 743 2957; x_wconf 92' lang='lat' dir='ltr'>id</span> <span class='ocrx_word' id='word_1_189' title='bbox 765 2896 880 2977; x_wconf 82' lang='lat' dir='ltr'>agitur,</span> <span class='ocrx_word' id='word_1_190' title='bbox 902 2903 939 2956; x_wconf 91' lang='lat' dir='ltr'>ut</span> <span class='ocrx_word' id='word_1_191' title='bbox 953 2891 1043 2955; x_wconf 89' lang='lat' dir='ltr'>illurn</span> <span class='ocrx_word' id='word_1_192' title='bbox 1057 2890 1210 2974; x_wconf 87' lang='lat' dir='ltr'>angulum</span> 
     </span>
     <span class='ocr_line' id='line_1_26' title="bbox 122 2998 1208 3090; baseline 0 -29"><span class='ocrx_word' id='word_1_193' title='bbox 122 2998 255 3062; x_wconf 89' lang='lat' dir='ltr'>duorum</span> <span class='ocrx_word' id='word_1_194' title='bbox 284 3014 444 3065; x_wconf 89' lang='lat' dir='ltr'>rectorum</span> <span class='ocrx_word' id='word_1_195' title='bbox 475 3025 544 3067; x_wconf 91' lang='lat' dir='ltr'>esse</span> <span class='ocrx_word' id='word_1_196' title='bbox 567 3004 731 3067; x_wconf 90' lang='lat' dir='ltr'>dimidium</span> <span class='ocrx_word' id='word_1_197' title='bbox 759 3025 800 3066; x_wconf 84' lang='lat' dir='ltr'>ex</span> <span class='ocrx_word' id='word_1_198' title='bbox 827 3005 899 3090; x_wconf 87' lang='lat' dir='ltr'>ipsa</span> <span class='ocrx_word' id='word_1_199' title='bbox 927 3003 1031 3085; x_wconf 85' lang='lat' dir='ltr'>figura</span> <span class='ocrx_word' id='word_1_200' title='bbox 1052 3004 1208 3088; x_wconf 85' lang='lat' dir='ltr'>probetur.</span> 
     </span>
     <span class='ocr_line' id='line_1_27' title="bbox 125 3110 1210 3195; baseline 0.004 -25"><span class='ocrx_word' id='word_1_201' title='bbox 125 3110 215 3186; x_wconf 76' lang='lat' dir='ltr'>Quae</span> <span class='ocrx_word' id='word_1_202' title='bbox 249 3111 360 3195; x_wconf 82' lang='lat' dir='ltr'>anguli</span> <span class='ocrx_word' id='word_1_203' title='bbox 393 3114 534 3178; x_wconf 86' lang='lat' dir='ltr'>conditio</span> <span class='ocrx_word' id='word_1_204' title='bbox 568 3118 698 3179; x_wconf 90' lang='lat' dir='ltr'>termini</span> <span class='ocrx_word' id='word_1_205' title='bbox 729 3115 825 3177; x_wconf 90' lang='lat' dir='ltr'>medii</span> <span class='ocrx_word' id='word_1_206' title='bbox 857 3125 906 3177; x_wconf 87' lang='lat' dir='ltr'>est</span> <span class='ocrx_word' id='word_1_207' title='bbox 939 3113 1018 3176; x_wconf 92' lang='lat' dir='ltr'>loco.</span> <span class='ocrx_word' id='word_1_208' title='bbox 1042 3118 1046 3125; x_wconf 87' lang='lat'><em>&#39;</em></span> <span class='ocrx_word' id='word_1_209' title='bbox 1070 3112 1210 3179; x_wconf 80' lang='lat' dir='ltr'>Facilem</span> 
     </span>
     <span class='ocr_line' id='line_1_28' title="bbox 124 3222 1212 3312; baseline 0.005 -31"><span class='ocrx_word' id='word_1_210' title='bbox 124 3222 210 3283; x_wconf 89' lang='lat' dir='ltr'>enim</span> <span class='ocrx_word' id='word_1_211' title='bbox 254 3223 489 3289; x_wconf 87' lang='lat' dir='ltr'>conclusionem</span> <span class='ocrx_word' id='word_1_212' title='bbox 530 3227 560 3290; x_wconf 86' lang='lat' dir='ltr'>sl</span> <span class='ocrx_word' id='word_1_213' title='bbox 595 3239 742 3290; x_wconf 89' lang='lat' dir='ltr'>accurate</span> <span class='ocrx_word' id='word_1_214' title='bbox 787 3224 1008 3312; x_wconf 80' lang='lat' dir='ltr'>descripseris,</span> <span class='ocrx_word' id='word_1_215' title='bbox 1048 3225 1111 3292; x_wconf 90' lang='lat' dir='ltr'>erit</span> <span class='ocrx_word' id='word_1_216' title='bbox 1147 3223 1212 3307; x_wconf 90' lang='lat' dir='ltr'>qui·</span> 
     </span>
     <span class='ocr_line' id='line_1_29' title="bbox 124 3333 310 3398; baseline 0.016 -3"><span class='ocrx_word' id='word_1_217' title='bbox 124 3333 196 3398; x_wconf 89' lang='lat' dir='ltr'>dem</span> <span class='ocrx_word' id='word_1_218' title='bbox 218 3333 310 3398; x_wconf 74' lang='lat' dir='ltr'>haecz</span> 
     </span>
     <span class='ocr_line' id='line_1_30' title="bbox 76 3446 1210 3530; baseline 0 -24"><span class='ocrx_word' id='word_1_219' title='bbox 76 3514 79 3519; x_wconf 11' lang='lat' dir='ltr'>A</span> <span class='ocrx_word' id='word_1_220' title='bbox 126 3446 285 3527; x_wconf 83' lang='lat' dir='ltr'>Quidquid</span> <span class='ocrx_word' id='word_1_221' title='bbox 300 3448 432 3510; x_wconf 90' lang='lat' dir='ltr'>duorum</span> <span class='ocrx_word' id='word_1_222' title='bbox 447 3457 605 3510; x_wconf 88' lang='lat' dir='ltr'>rectorum</span> <span class='ocrx_word' id='word_1_223' title='bbox 621 3449 785 3512; x_wconf 89' lang='lat' dir='ltr'>dimidium</span> <span class='ocrx_word' id='word_1_224' title='bbox 802 3461 862 3526; x_wconf 87' lang='lat' dir='ltr'>est,</span> <span class='ocrx_word' id='word_1_225' title='bbox 880 3446 1015 3530; x_wconf 84' lang='lat' dir='ltr'>angulus</span> <span class='ocrx_word' id='word_1_226' title='bbox 1032 3456 1081 3508; x_wconf 83' lang='lat' dir='ltr'>est</span> <span class='ocrx_word' id='word_1_227' title='bbox 1096 3456 1210 3507; x_wconf 87' lang='lat' dir='ltr'>rectus.</span> 
     </span>
     <span class='ocr_line' id='line_1_31' title="bbox 126 3555 1212 3642; baseline -0.002 -24"><span class='ocrx_word' id='word_1_228' title='bbox 126 3555 1212 3642; x_wconf 76' lang='lat' dir='ltr'>Angulusilleadcircuitumpositusduorumreetorumdimidiumest.</span> 
     </span>
     <span class='ocr_line' id='line_1_32' title="bbox 127 3672 931 3755; baseline -0.004 -23"><span class='ocrx_word' id='word_1_229' title='bbox 127 3674 213 3755; x_wconf 78' lang='lat' dir='ltr'>Ergo</span> <span class='ocrx_word' id='word_1_230' title='bbox 235 3673 370 3753; x_wconf 79' lang='lat' dir='ltr'>angulus</span> <span class='ocrx_word' id='word_1_231' title='bbox 392 3674 428 3732; x_wconf 90' lang='lat' dir='ltr'>in</span> <span class='ocrx_word' id='word_1_232' title='bbox 450 3673 580 3732; x_wconf 88' lang='lat' dir='ltr'>dimidio</span> <span class='ocrx_word' id='word_1_233' title='bbox 604 3672 723 3733; x_wconf 89' lang='lat' dir='ltr'>circuio</span> <span class='ocrx_word' id='word_1_234' title='bbox 746 3684 795 3734; x_wconf 83' lang='lat' dir='ltr'>est</span> <span class='ocrx_word' id='word_1_235' title='bbox 817 3683 931 3733; x_wconf 86' lang='lat' dir='ltr'>rectus.</span> 
     </span>
    </p>

    <p class='ocr_par' dir='ltr' id='par_1_8' title="bbox 216 3778 1216 3866">
     <span class='ocr_line' id='line_1_33' title="bbox 216 3778 1216 3866; baseline -0.002 -23"><span class='ocrx_word' id='word_1_236' title='bbox 216 3781 486 3858; x_wconf 82' lang='lat' dir='ltr'>Quemadmodum</span> <span class='ocrx_word' id='word_1_237' title='bbox 507 3783 543 3842; x_wconf 90' lang='lat' dir='ltr'>in</span> <span class='ocrx_word' id='word_1_238' title='bbox 565 3778 625 3842; x_wconf 90' lang='lat' dir='ltr'>hoo</span> <span class='ocrx_word' id='word_1_239' title='bbox 647 3781 793 3866; x_wconf 83' lang='lat' dir='ltr'>exemplo</span> <span class='ocrx_word' id='word_1_240' title='bbox 815 3781 1009 3843; x_wconf 87' lang='lat' dir='ltr'>constructio</span> <span class='ocrx_word' id='word_1_241' title='bbox 1028 3780 1062 3842; x_wconf 92' lang='lat' dir='ltr'>id</span> <span class='ocrx_word' id='word_1_242' title='bbox 1076 3780 1157 3861; x_wconf 85' lang='lat' dir='ltr'>agit,</span> <span class='ocrx_word' id='word_1_243' title='bbox 1178 3785 1216 3841; x_wconf 84' lang='lat' dir='ltr'>ui</span> 
     </span>
    </p>
   </div>
   <div class='ocr_carea' id='block_1_5' title="bbox 128 3890 1217 3977">
    <p class='ocr_par' dir='ltr' id='par_1_9' title="bbox 128 3890 1217 3977">
     <span class='ocr_line' id='line_1_34' title="bbox 128 3890 1217 3977; baseline -0.006 -21"><span class='ocrx_word' id='word_1_244' title='bbox 128 3895 259 3957; x_wconf 90' lang='lat' dir='ltr'>duorum</span> <span class='ocrx_word' id='word_1_245' title='bbox 287 3904 444 3955; x_wconf 88' lang='lat' dir='ltr'>rectorum</span> <span class='ocrx_word' id='word_1_246' title='bbox 472 3891 635 3954; x_wconf 84' lang='lat' dir='ltr'>dimidiam</span> <span class='ocrx_word' id='word_1_247' title='bbox 657 3905 780 3977; x_wconf 89' lang='lat' dir='ltr'>partem</span> <span class='ocrx_word' id='word_1_248' title='bbox 809 3894 848 3954; x_wconf 89' lang='lat' dir='ltr'>ob</span> <span class='ocrx_word' id='word_1_249' title='bbox 874 3890 984 3971; x_wconf 65' lang='lat' dir='ltr'>⁸oculos</span> <span class='ocrx_word' id='word_1_250' title='bbox 1012 3902 1130 3977; x_wconf 86' lang='lat' dir='ltr'>ponat,</span> <span class='ocrx_word' id='word_1_251' title='bbox 1167 3890 1217 3951; x_wconf 86' lang='lat' dir='ltr'>ita</span> 
     </span>
    </p>
   </div>
   <div class='ocr_carea' id='block_1_6' title="bbox 200 4041 1073 4123">
    <p class='ocr_par' dir='ltr' id='par_1_10' title="bbox 200 4041 1073 4123">
     <span class='ocr_line' id='line_1_35' title="bbox 200 4041 1073 4123; baseline 0.001 -23"><span class='ocrx_word' id='word_1_252' title='bbox 200 4048 224 4116; x_wconf 89' lang='lat'>¹)</span> <span class='ocrx_word' id='word_1_253' title='bbox 239 4043 304 4100; x_wconf 84' lang='lat' dir='ltr'>lude</span> <span class='ocrx_word' id='word_1_254' title='bbox 320 4044 391 4123; x_wconf 87' lang='lat' dir='ltr'>opud</span> <span class='ocrx_word' id='word_1_255' title='bbox 406 4063 468 4102; x_wconf 84' lang='lat' dir='ltr'>nos:</span> <span class='ocrx_word' id='word_1_256' title='bbox 485 4042 649 4113; x_wconf 83' lang='lat' dir='ltr'>vermitteln,</span> <span class='ocrx_word' id='word_1_257' title='bbox 666 4042 866 4119; x_wconf 78' lang='lat' dir='ltr'>Vermittelung,</span> <span class='ocrx_word' id='word_1_258' title='bbox 883 4041 964 4120; x_wconf 88' lang='lat' dir='ltr'>idque</span> <span class='ocrx_word' id='word_1_259' title='bbox 980 4042 1073 4117; x_wconf 79' lang='lat' dir='ltr'>logice.</span> 
     </span>
    </p>
   </div>
   <div class='ocr_carea' id='block_1_7' title="bbox 0 0 1340 4546">
    <p class='ocr_par' dir='ltr' id='par_1_11' title="bbox 0 0 1340 4546">
     <span class='ocr_line' id='line_1_36' title="bbox 0 0 1340 4546; baseline 0 0"><span class='ocrx_word' id='word_1_260' title='bbox 0 0 1340 4546; x_wconf 95' lang='lat' dir='ltr'> </span> 
     </span>
    </p>
   </div>
  </div>
 </body>
</html>
