2648 4546
1135 135 1185 226 27.

89 322 243 417 gamus,
269 323 355 399 velut
380 325 411 405 si
424 326 630 409 ,gubernator
650 288 771 410 peritus
793 325 1019 413 asttcptimus,
1047 327 1183 413 itemquo

90 439 230 522 auriga,
258 438 387 502 omnino
416 438 564 518 cuiusque
591 437 718 521 generis
738 436 859 527 peritus
881 449 932 503 est
951 439 1115 526 optimus,i
1133 451 1183 507 ost

92 561 206 615 autem
236 550 378 614 inductio
405 548 552 623 eumad
583 547 835 634 persuadendum
869 550 974 636 aptior
1004 561 1037 614 et
1065 553 1183 616 certior
1287 534 1290 547 '

91 675 165 727 tum
185 662 295 727 sensui
316 661 458 748 apertior
477 671 510 723 et
533 660 641 724 multis
664 661 854 738 communis3
881 660 1085 745 syllogismus
1106 684 1182 729 vero

93 775 221 839 maiore
245 774 435 839 necessitate
461 773 563 837 irrotat
587 782 622 835 et
651 771 917 838 contradictiones
939 775 1062 841 maiore
1083 776 1116 841 vl
1135 797 1183 841 ra·

93 885 201 974 pellit.
223 886 304 972 (top.
327 885 353 959 l,
379 882 446 961 12.)
910 954 913 959 ,
1071 948 1075 957 .

184 997 211 1077 b.
235 994 288 1060 34.
331 995 389 1060 Est
411 997 510 1078 igitur
532 995 673 1059 inductio
696 1005 728 1058 et
750 1016 790 1059 ex
811 982 996 1061 inductione
1011 997 1183 1080 conclusio,
1229 1077 1233 1087 ,

95 1130 193 1191 quum
213 1109 381 1172 notionum
402 1120 549 1170 extrema
571 1108 673 1172 altera
694 1127 751 1194 per
773 1107 907 1175 alteram
920 1109 1043 1173 mediae
1060 1109 1184 1175 conclu·
1204 1176 1208 1182 ,
1274 1164 1277 1169 .

95 1223 189 1285 sione
211 1221 376 1299 tribuitur,
399 1219 485 1283 velut
505 1220 535 1282 si
556 1219 640 1283 inter
662 1217 694 1283 Α
716 1231 750 1282 et
773 1216 926 1293 Gmedia
947 1232 1003 1289 est¹
1016 1217 1052 1285 B
1072 1232 1106 1285 et
1126 1241 1183 1308 per

97 1330 130 1396 C
147 1333 316 1418 probatur,
339 1326 370 1395 A
393 1331 429 1395 in
450 1327 485 1405 B
507 1331 629 1409 inesse3
657 1333 705 1394 ita
732 1331 818 1403 enirn
847 1331 1064 1397 inductionem
1091 1333 1185 1399 insti·

22 1433 26 1443 ’
95 1446 231 1523 tuin1us3
259 1443 502 1527 intelligendum
529 1452 634 1504 autem
655 1453 705 1504 est
728 1440 758 1505 C
776 1462 817 1507 ex
838 1444 983 1507 omnibus
1004 1445 1097 1507 rebus
1117 1445 1184 1511 sin-

94 1556 181 1639 gulis
208 1556 432 1642 compositum
459 1553 601 1619 inductio
627 1554 714 1617 enirn
740 1573 796 1641 per
825 1573 935 1621 omnes
959 1574 1012 1619 res
1032 1555 1185 1640 singulas

94 1669 170 1741 nort
192 1648 449 1749 concinnant.
472 1685 521 1752 pr.
543 1665 587 1729 11.
610 1662 679 1745 aa.)
814 1732 817 1737 ,
1101 1724 1104 1729 ,

184 1775 212 1863 §.
234 1775 287 1843 35.
332 1775 529 1862 Syllogismo
553 1776 693 1841 inductio
715 1776 942 1858 quodammodo
957 1779 1104 1866 opposita
1117 1789 1182 1861 θείς

94 1889 153 1957 ille
177 1891 263 1953 enim
284 1908 342 1975 per
354 1891 517 1961 notionem
531 1890 668 1952 mediam
689 1909 845 1962 summam
868 1892 981 1955 tertiae
1002 1892 1109 1957 inesse
1130 1891 1183 1957 de-

95 1976 269 2080 monstrat3
292 2000 372 2063 haec
393 2021 466 2063 vero
489 2019 545 2085 per
567 2001 694 2062 tertiam
714 2019 867 2063 summam
883 2002 1015 2065 mediae.
1058 2001 1184 2068 Natura

97 2113 223 2196 quidem
245 2113 382 2198 illeper
404 2111 540 2181 mediam
561 2110 766 2193 syllogismus
787 2111 876 2199 prior
896 2112 984 2176 etad
1000 2112 1183 2198 intelligen-

96 2226 173 2297 dum
200 2226 322 2312 aptior,
354 2223 446 2288 nobis
464 2244 548 2287 uero
575 2221 718 2288 inductio
747 2235 795 2289 est
822 2225 1006 2291 evidentior.
1044 2225 1182 2310 (analyt.

96 2357 147 2426 pr.
171 2337 215 2401 ΙΙ.
237 2335 306 2416 23.)

185 2449 213 2527 b.
242 2446 295 2512 36.
346 2446 515 2512 Probabile
542 2457 576 2509 et
601 2447 756 2511 indicium
788 2468 855 2512 non
883 2461 962 2513 sunt
995 2450 1094 2531 idem3
1127 2450 1186 2517 sed

95 2560 261 2649 probabile
287 2569 337 2639 est
363 2559 539 2646 propositio
568 2559 604 2621 in
632 2560 781 2645 opinione
809 2562 925 2646 posita.
978 2561 1071 2637 Quod
1098 2563 1185 2642 enim

95 2673 281 2760 plerumque
309 2666 415 2735 sciunt
441 2673 490 2735 ita
517 2669 590 2734 fieri
610 2669 662 2733 vel
682 2690 748 2734 non
770 2670 861 2752 fieri,
886 2683 942 2737 aut
967 2672 1015 2736 ita
1036 2694 1105 2737 esse
1133 2674 1186 2739 vel

97 2805 167 2853 non
191 2801 278 2862 esse,
305 2781 368 2847 hoc
395 2795 444 2847 est
472 2782 651 2869 probabile,
679 2782 766 2852 velut
793 2782 970 2851 invidentes
996 2784 1102 2850 odisse
1129 2797 1185 2850 aut

97 2907 245 2962 amantes
265 2894 407 2978 diligere.
452 2894 610 2958 Iudicium
636 2906 742 2959 autom
769 2896 803 2960 id
831 2897 915 2979 agit,
946 2908 981 2961 ut
1008 2900 1185 2986 propositio

97 3009 162 3088 sit,
190 3027 269 3088 quae
290 3007 508 3071 demonstrare
529 3007 647 3092 possit,
675 3007 726 3070 vel
746 3011 928 3073 necessaria
950 3009 1001 3073 vel
1022 3008 1187 3076 hominum

99 3119 248 3206 opinioni
274 3121 422 3205 probata3
458 3139 517 3200 quo
545 3120 632 3185 enim
659 3129 805 3185 exstante
832 3141 884 3183 res
914 3133 1019 3185 exstat
1045 3122 1095 3185 vel
1124 3143 1186 3202 quo

100 3233 187 3297 lacto
209 3251 260 3296 res
281 3231 370 3315 prius
398 3242 455 3293 aiut
482 3233 640 3317 posterius
663 3233 747 3294 laeta
768 3243 834 3312 est,
862 3231 924 3297 hoe
951 3246 1000 3297 est
1022 3234 1186 3314 indicium,
1252 3278 1255 3287 ·

100 3324 170 3411 rem
198 3342 249 3409 uel
274 3364 342 3405 esse
370 3343 485 3404 iactam
513 3341 563 3405 vel
591 3354 725 3407 exstare.
774 3343 987 3424 Enthymema
1016 3346 1188 3425 igiturest

101 3455 308 3539 syllogismus
319 3453 369 3521 vel
378 3475 418 3516 ex
426 3453 583 3538 probabili
598 3454 698 3517 velex
709 3455 847 3517 indiciis.
860 3455 996 3537 (analyt.
1006 3476 1053 3542 pr.
1066 3456 1108 3520 ll.
1117 3456 1186 3538 at.)

131 3634 134 3639 ,
189 3564 218 3651 §.
240 3564 305 3630 32-
335 3565 523 3652 Exemplum
542 3585 604 3629 nec
624 3577 775 3645 tanquam
796 3577 921 3651 partem
942 3566 983 3633 ad
1005 3578 1106 3631 totum
1127 3590 1187 3632 nec

102 3662 254 3760 tanquam
275 3687 377 3745 totum
398 3679 439 3741 ad
461 3688 583 3764 partem
610 3697 645 3739 se
667 3675 783 3747 habere
805 3677 1012 3762 intelligitur,
1039 3681 1096 3743 sed
1117 3692 1187 3745 tan.

102 3811 196 3873 quam
218 3801 341 3877 partem
362 3789 404 3855 ad
425 3801 564 3875 pentem,
592 3789 758 3853 dummodo
787 3803 918 3872 utroque
947 3793 1004 3859 uni
1025 3793 1188 3874 eidemque

101 3904 214 3987 garneri
234 3903 430 3981 subiiciatur,
453 3901 557 3966 altera
576 3921 650 3967 vcro
672 3904 838 3990 perspicua
852 3904 906 3966 sit
949 3903 1067 3967 Dill'crt
1082 3916 1187 3968 aretem

19 4042 23 4075 t
101 4016 145 4088 ob
181 4015 382 4096 inductione,
418 4013 499 4097 qnod
526 4013 606 4081 liaeo
634 4037 652 4078 e
677 4017 802 4091 cunetis
829 4016 1000 4088 individuis
1033 4035 1189 4085 summam
