2618 4546
103 144 170 218 nu
211 170 213 176 =

330 251 338 265 ‘
838 262 851 291 e

187 320 257 390 οὐκ
277 317 436 415 αἴτημα]
464 347 531 395 non
558 339 608 394 est
634 330 746 418 petitio
773 328 924 416 principii
952 327 993 412 (i.
1023 325 1109 411 ll.);
1140 349 1188 392 se·

102 442 208 526 quitur
230 441 317 505 enim
338 460 379 506 ex
400 442 471 529 ipse
492 441 635 525 negandi
656 452 774 504 notura
795 440 838 522 (i.
859 440 891 504 7.
912 437 944 505 8.
966 438 1021 520 9.)

189 539 290 633 εἴπερ
313 543 467 615 ἐκείνου
487 541 660 633 διαφορὰ
676 539 802 633 ἔσται]
830 550 863 615 h.
886 572 914 616 e.
930 553 965 616 sl
984 568 1121 633 reverti
1142 563 1191 616 est

103 664 231 749 generis
253 665 371 742 lorme3
394 649 474 729 lineo
494 664 581 726 enim
602 662 785 739 differentia
806 664 1019 727 constituitur.
1240 638 1244 646 ¹

114 804 116 809 ·
164 766 262 836 ὀὐκ
284 761 377 834 ’ἔστι
409 765 452 835 δὲ
483 764 649 856 διαφοραὶ
683 761 894 856 στερήσεως
927 758 950 855 ᾗ
985 767 1190 854 στέρησις]

36 874 37 879 ¹
80 885 222 952 ‘Eorum
243 906 324 968 quae
346 886 590 951 contradictorie
611 887 696 950 inter
716 908 751 950 se
770 896 992 973 opponuntun·
1005 866 1142 949 alterum
1157 886 1192 948 in

103 997 174 1062 sola
194 999 368 1082 negatione
389 1000 542 1062 cernitur.
585 997 726 1081 Negatio
748 985 854 1062 eutem
875 1017 933 1084 per
954 1017 989 1061 se
1010 999 1097 1083 ipso5
1119 1017 1195 1078 quo·

103 1111 192 1173 niam
219 1107 305 1173 nihil
325 1120 392 1189 est,
420 1109 617 1175 differentias
643 1107 749 1172 nullas
771 1110 923 1173 eontinet.
970 1111 1076 1188 Quone
1097 1126 1196 1202 nege·

102 1222 150 1284 tio
176 1221 327 1284 divisioni
349 1240 415 1287 uon
436 1218 556 1286 suffieit
577 1230 610 1282 et
632 1221 805 1284 eurendum
827 1235 891 1300 est,
919 1232 956 1284 ut
981 1241 1002 1283 a
1022 1220 1197 1305 negatione

104 1333 147 1397 ed
167 1327 495 1424 singulasquasque,
524 1350 604 1414 quae
626 1344 715 1411 sunt,
733 1334 862 1425 termas
883 1333 1085 1418 procedetur.
1130 1331 1197 1394 Na-
1240 1380 1241 1387 .

106 1452 296 1524 wracene,
319 1462 398 1527 quae
420 1445 552 1528 generis
575 1445 694 1508 formes
716 1445 821 1529 gignit
836 1454 869 1506 et
883 1444 989 1530 ponit,
1011 1432 1199 1522 &exemploru

107 1577 126 1620 e
146 1556 319 1639 negatione
341 1555 469 1621 ductum
489 1556 645 1643 repudiat

598 1664 627 1752 ᾧ.
649 1666 701 1732 57.

193 1768 363 1845 Diuisione
396 1781 503 1866 posite
537 1778 682 1843 definitio
716 1778 842 1843 facilius
879 1777 1074 1863 expedietur.
1129 1775 1201 1839 lam

109 1887 195 1953 onim
222 1902 372 1976 apparet,
400 1892 476 1972 quid
497 1891 557 1972 sit,
574 1891 682 1976 ¹quod,
714 1889 888 1956 Aristotele
915 1901 1060 1967 auctore,
1088 1907 1200 1952 unam.

75 2067 78 2073 ,
111 2021 265 2087 quumque
289 2022 359 2070 rom
393 2022 490 2088 „per
517 2021 641 2086 genus
669 2015 708 2066 et
734 2003 1009 2067 differentiam
1035 2000 1200 2088 specili-

1 2184 3 2189 ,
70 2106 72 2111 ’
110 2109 212 2176 eem'’
232 2113 261 2195 ¹)
294 2113 508 2178 definiendam
543 2134 613 2177 esse
645 2115 855 2201 proecipiunt.
908 2112 1016 2176 Genus
1048 2123 1201 2193 tanquam

110 2203 290 2292 universale
317 2234 349 2286 et
374 2213 554 2288 differentia
582 2236 734 2307 tenquem
754 2227 919 2310 proprium
940 2225 1112 2289 coniuncta
1134 2224 1200 2305 qui·

111 2335 182 2400 dem
203 2336 252 2401 rei
272 2345 421 2397 naturam
443 2336 591 2422 aperiunt
606 2333 642 2415 2).
935 2316 951 2340 ⁰
1241 2310 1244 2335 ⁵

196 2445 352 2511 Definitio
374 2445 419 2541 id·
429 2450 507 2530 egit,
530 2458 567 2510 ut
587 2447 710 2512 incerto
725 2447 958 2511 constituentur
973 2457 1005 2509 et
1020 2447 1201 2511 obscuriore

110 2559 327 2623 illustrentur.¹
363 2558 457 2636 Quod
473 2558 546 2622 fieri
560 2578 628 2621 non
644 2571 758 2644 potest,
781 2558 907 2622 nisiex
928 2558 976 2620 rei
999 2559 1104 2620 eeusis
1126 2540 1216 2636 (hae

102 2683 216 2735 eutem
230 2682 346 2745 netum
362 2681 438 2734 sunt
452 2670 589 2755 priores)
611 2670 791 2735 definiatur.
838 2673 909 2747 Quo
931 2671 1028 2735 etiam
1049 2666 1112 2731 hoo
1133 2686 1203 2753 per·

3 2772 6 2777 ⁸
112 2784 208 2860 tinet,
232 2781 330 2861 quod,
358 2785 412 2846 ubi
440 2803 499 2866 per
522 2800 621 2864 genus
644 2783 842 2861 definiveris,
869 2782 903 2844 id
924 2783 1027 2868 ipsum
1053 2789 1203 2861 tanquam

112 2891 292 2958 universale
315 2892 418 2977 ipsam
440 2894 488 2956 rei
510 2892 669 2957 rationem
690 2896 726 2958 in
748 2917 784 2958 se
806 2895 889 2977 gerit
912 2889 952 2977 (ᾧ.
976 2888 1128 2983 toln).

200 2999 392 3068 Aristoteles
413 3013 478 3065 tres
500 3002 674 3070 definiendi
695 3007 805 3069 modos
826 3001 1006 3087 significet,
1029 2990 1100 3083 qui,
1122 3003 1203 3082 quod

114 3136 155 3179 ex
181 3113 340 3200 prioribus
367 3111 454 3176 ducti
487 3134 554 3177 non
588 3116 670 3197 sint,
708 3118 786 3180 vitio
819 3115 975 3181 laborent.
1020 3114 1060 3177 ln
1094 3115 1203 3194 quibus

114 3228 148 3290 ld
170 3225 264 3290 leoile
287 3223 430 3305 flagitari
459 3224 638 3309 intelliges,
668 3240 704 3292 ut
731 3249 782 3292 res
809 3248 850 3289 ex
877 3228 919 3289 iis
948 3225 1136 3304 definiatur,
1165 3243 1205 3286 ex

114 3402 311 3420 Μ

182 3512 206 3580 ¹)
231 3507 377 3586 Διαφοροῖν
405 3512 543 3574 εἶδοποιᾶν
566 3513 616 3583 (cf.
641 3525 697 3594 top.
720 3515 767 3575 Vl.
791 3515 850 3586 6.),
873 3533 951 3590 quum
974 3513 1103 3570 Boethius
1127 3513 1206 3583 vertit

84 3632 88 3644 =
113 3596 315 3676 specificam.
356 3598 436 3672 Quod
458 3599 629 3669 vooabulum‚
657 3603 782 3658 anobis
815 3599 1021 3676 frequentatum,
1054 3602 1081 3655 in
1111 3598 1205 3654 lexicis

114 3686 203 3744 Ietinis
220 3683 315 3741 lmstro
334 3690 505 3762 quaesiveris,
523 3686 634 3742 debetur
650 3698 737 3748 autem
755 3688 906 3744 Aristotelis
923 3689 1043 3764 imperio.
1080 3686 1110 3740 st
1130 3709 1143 3740 a
1162 3705 1205 3757 ge·

114 3794 175 3830 nere
192 3772 226 3829 od
242 3773 338 3834 formos
354 3777 530 3856 processeris,
547 3773 596 3830 hae
613 3786 684 3835 certa
702 3776 864 3842 differentia,
887 3795 954 3850 quoe
976 3774 1010 3830 aul
1028 3792 1110 3847 genus
1129 3771 1205 3847 quusi

113 3861 223 3928 accedit,
241 3866 413 3927 continentur.

183 3951 210 4019 ¹)
233 3947 372 4006 Notionem
396 3970 429 4007 ex
454 3967 547 4023 genere
570 3943 726 4002 differentiis
749 3946 844 4025 positis
868 3945 900 4001 od
919 3948 1034 4024 speeiem
1053 3966 1147 4020 eogere
1164 3943 1202 4001 lo·

113 4037 165 4109 gici
183 4037 501 4095 interminationem
517 4043 644 4090 vorarunt
660 4035 706 4103 (cl'.
725 4036 757 4090 ml
775 4034 882 4104 i·“2⁰·)·
966 4096 973 4111 ,
