2618 4546
109 181 157 259 ll

109 358 154 456 pes
173 369 225 438 vel
245 362 284 432 rol
305 360 389 432 sord
404 364 500 452 ’μέρος
522 360 689 459 opposuit,
701 371 785 436 sicut
805 371 840 441 in
861 368 982 456 analyt·
1005 373 1105 460 prior.
1120 369 1146 436 Ῑ.
1164 371 1192 439 1.

108 472 262 566 tipo-dl
276 474 422 552 καθόλου
441 473 501 563 plu
521 474 556 543 sd
577 474 668 543 παντὶ
689 470 708 559 il
728 473 837 564 pendani
857 473 1033 565 dmolpxcrv,
1054 478 1089 544 ἓν
1109 477 1192 565 μέρει·

109 587 146 657 dl
172 584 289 656 edroi
316 580 336 668 li
361 584 406 673 μὴ
432 584 489 653 ml
515 580 534 668 ll
561 585 604 673 μὴ
631 584 909 676 ocrml'irrro'rpxttv.
959 598 1061 672 Quem
1089 584 1192 659 lotum

108 706 264 774 Boethius
285 705 384 770 latine
406 705 453 769 itu
474 705 625 769 reddidit:
648 706 748 786 „dico
769 718 876 770 autem
896 705 1105 772 urtiversalcm
1127 708 1192 788 qni-

108 819 179 883 dem
201 816 495 906 (propositionem),
523 836 617 898 quum
640 817 758 899 aliquid
781 819 867 882 omni
897 831 958 887 ant
974 816 1192 897 nuliiinesse,

108 919 399 1020 particularem
421 948 510 1007 vcro,
534 947 628 1009 quum
650 929 746 992 alicui
763 940 824 991 aut
844 948 911 992 non
932 927 1106 994 alicui'aut
1126 946 1193 992 non

64 1125 70 1134 ,
108 1044 195 1107 omni
210 1044 315 1105 inesse
331 1034 526 1124 significat”
569 1039 647 1103 Inde
668 1038 916 1126 particulare
937 1041 972 1102 in
988 1032 1192 1127 philosopho-

108 1171 182 1218 rum
209 1140 380 1216 sermonis¹
398 1168 499 1213 usum.
517 1153 668 1215 manauit.
719 1150 833 1235 Logici
859 1151 985 1234 igitur,
1006 1170 1100 1232 quam
1129 1152 1193 1215 late

106 1276 217 1352 pateat
238 1261 438 1342 enunciatio,
461 1273 647 1343 quaerentes
669 1263 734 1326 tria
756 1282 875 1345 genera
897 1262 1101 1342 invenenant,
1124 1264 1193 1326 mri-

106 1374 255 1454 vcrsales,
270 1372 490 1461 particulares,
506 1350 700 1458 singularem
717 1395 794 1456 quas
805 1375 1050 1458 quantitatis
1064 1376 1194 1438 nomine

85 1485 362 1575 complectuntur.

151 1648 155 1655 .
192 1589 486 1674 ἄποφαένεσβαι
512 1587 561 1667 ὣς
585 1585 749 1677 ὑπάρχει
771 1592 821 1680 rr]
843 1593 875 1660 lt.
891 1617 917 1659 e.
940 1597 1227 1679 anrnyopei'wuſtr'

107 1698 147 1774 ls'
159 1709 245 1772 enim
266 1709 353 1772 verbi
374 1697 528 1788 mdpxetv
548 1708 632 1793 apud
646 1706 851 1771 Aristotelem
873 1726 958 1787 umus,
983 1719 1029 1788 ut,
1052 1709 1136 1790 quod
1156 1709 1193 1772 in

104 1820 288 1887 nemrorel
304 1821 400 1883 ¹inest
424 1810 606 1899 (r‘nro‘toyat),
634 1819 669 1882 id
698 1820 734 1882 in
754 1818 983 1883 enunciatione
1005 1821 1044 1884 de
1066 1840 1102 1883 re
1123 1832 1193 1884 ten-

105 1950 199 2016 quam
217 1917 362 1997 'subiecto
384 1930 599 2017 praedicetur.-
1092 2011 1096 2019 ι

190 2042 305 2108 Altero
326 2040 397 2106 loco
426 2042 536 2123 quanti
563 2042 603 2105 ad
631 2043 845 2127 coguitionem
872 2043 1025 2108 momenti
1051 2043 1096 2106 sit
1122 2042 1192 2106 nni·

104 2152 237 2234 versele,
260 2154 370 2240 peusis
391 2152 602 2236 significatur.

180 2258 228 2324 ’Ἢ
248 2253 441 2348 oosdtoo]
464 2254 616 2344 opdromo.

174 2369 255 2449 solu
275 2364 348 2453 polo
367 2367 565 2459 προτέραν]
595 2374 615 2439 ἰ.
638 2394 666 2438 s.
688 2363 743 2450 rip)
762 2374 885 2456 μᾶλλον
905 2367 1062 2447 conduco.

188 2476 255 2562 edo
274 2477 453 2570 ὑστέραν]
476 2487 495 2550 i
514 2507 540 2548 e.
563 2461 618 2560 cdv
636 2478 718 2546 nord
740 2480 846 2569 μέρος
868 2486 948 2553 haec
963 2489 1049 2553 enim
1072 2508 1113 2551 ex
1133 2486 1207 2553 ille'·

10 2654 14 2661 .
105 2600 271 2682 sequitur,
290 2608 327 2660 ut
352 2598 509 2682 posterior
537 2599 645 2662 vocari
671 2600 782 2685 possit

191 2699 258 2768 καὶ
283 2694 426 2789 ἔχομεν
443 2698 621 2795 δυνάμει]
639 2699 820 2790 dolvupus'et
835 2703 977 2792 ἐνέργεια
990 2711 1075 2774 inter
1088 2730 1124 2774 se
1136 2730 1190 2798 op·

103 2831 279 2905 ponuntur3
293 2821 482 2900 quorumvis
495 2840 587 2902 quam
603 2819 668 2883 late
680 2823 761 2907 apud
773 2822 981 2887 Aristotelem
999 2822 1187 2899 dominetur,

102 2929 304 3014 exposuimus
322 2932 362 2993 ad
380 2931 451 2994 libr.
470 2932 509 2994 de
527 2935 634 2995 anima
646 2933 688 2995 ΙΙ.
703 2930 732 2995 1.
766 2932 820 2997 Ad
837 2933 1068 3016 analyticorum
1086 2922 1189 2998 locum

102 3039 345 3125 intelligendum
358 3040 613 3108 haecsufficient
642 3032 781 3122 Δύναμις
791 3046 838 3108 rei
852 3046 1048 3109 conditiones
1059 3048 1105 3109 ita
1118 3064 1188 3109 eon-

102 3154 194 3232 tinet,
212 3163 247 3216 ut
262 3172 313 3216 res
327 3152 399 3216 fieri
416 3156 533 3240 possit3
552 3148 692 3236 ἐνέργεια
707 3153 766 3219 hes
782 3158 830 3220 rei
841 3157 1036 3220 conditiones
1048 3158 1090 3221 ad
1101 3156 1189 3221 enoc

103 3277 170 3329 tum
187 3265 346 3352 perducit,
363 3277 414 3346 ut,
434 3266 518 3347 quod
533 3268 570 3330 in
584 3257 715 3347 emmo.
733 3269 823 3349 quasi
842 3270 877 3331 in
899 3270 1044 3352 germine
1059 3269 1188 3350 latebat,

102 3369 244 3458 ἐνεργείᾳ
258 3377 429 3442 evolvatur.
453 3376 506 3441 lta
519 3398 574 3442 aes
583 3377 634 3442 vel
643 3378 765 3462 lignum
777 3391 902 3447 statuae
913 3369 1045 3460 δύναμις
1059 3383 1189 3461 dicittu3

102 3490 245 3552 continet
271 3491 358 3554 enim
385 3489 539 3553 materiae
566 3509 710 3570 causam,
744 3510 786 3554 ex
819 3511 881 3573 qua
907 3502 1016 3556 statua
1041 3505 1191 3558 nascatur

101 3598 293 3685 (metaphys.
310 3601 371 3665 IX.
396 3596 453 3686 [Θ]
477 3598 534 3688 6.).
580 3600 866 3667 Geometrianihil
887 3602 974 3668 aliud
996 3605 1074 3687 ugit,
1097 3623 1191 3688 quam

101 3721 153 3788 ut,
176 3731 258 3793 quae
279 3712 392 3796 figuris
413 3705 547 3793 δυνάμει
569 3715 695 3792 insunt,
708 3713 813 3777 lineis
835 3714 936 3776 ductis
951 3714 1004 3777 nd
1032 3709 1192 3797 dospycros

101 3835 201 3887 vocet.
253 3820 497 3908 cognoscuntur
523 3835 643 3904 autem,
677 3843 757 3908 quae
784 3824 897 3908 figuris
921 3827 1052 3908 ¹insunt,
1085 3836 1191 3909 quum‘,

102 3953 183 4015 quae
210 3934 320 3999 insunt
347 3934 519 4022 implicita,
553 3936 601 3999 ita
629 3935 671 3997 ad
704 3936 871 4021 veritatem
899 3938 1124 4019 traducuntur,
1157 3947 1193 4002 ut

88 4035 256 4131 ‘explicita
293 4045 394 4113 oculis
428 4045 655 4127 subiicientur3
694 4067 793 4129 quae„
808 4050 922 4129 est-in
950 4048 1015 4129 hae
1044 4069 1081 4119 re
1111 4043 1197 4130 drop·
