2618 4546
206 234 266 288 xlv
409 268 424 285 2

23 400 38 453 ·“
173 482 188 491 ..
204 422 266 476 rae
296 396 453 477 eruditae
483 410 521 478 et
543 400 640 504 longi
661 398 792 477 laboris
816 398 1069 502 plenissimum.
1109 366 1181 479 llis
1206 403 1218 477 i
1244 404 1295 480 sis

207 494 307 575 <anim¹
325 496 450 575 diebus
475 499 608 601 prodiit
629 497 833 599 Aristotelis
863 499 1059 575 academiae
1083 503 1201 601 regiae
1259 528 1296 576 o-

207 594 365 673 rusa'icae
396 596 605 673 anctoritate
638 595 731 670 editi
752 596 917 676 volumen
947 608 1129 711 quartum
1160 599 1197 672 in
1222 626 1296 700 quo

208 691 433 771 Christianus
458 697 641 797 Augustus
657 692 809 769 Brandis
835 721 879 792 ex
903 697 1058 796 antiquis
1084 707 1297 772 commenta·

206 789 269 866 riis
299 801 337 867 et
366 792 472 870 editis
503 804 541 868 et
570 791 715 867 ineditis
745 791 879 867 scholia
908 793 1052 897 collegit
1072 794 1113 887 in
1135 821 1297 908 magnam

205 888 411 966 Aristotelis
434 890 604 966 librorum
627 900 775 992 partem.
818 889 929 990 Quod
942 908 1063 991 ‘quum
1088 887 1125 966 et
1149 890 1307 994 diligen-2

89 982 103 1002 ’
203 985 276 1061 tiae
293 987 419 1064 doctae
437 999 475 1065 et
487 987 609 1064 iudicii
622 988 761 1066 subtilis
778 998 1042 1063 monumentum
1063 988 1121 1080 sit,
1143 999 1296 1091 utraque

204 1108 279 1159 non
306 1089 423 1163 minus
452 1087 491 1162 in
519 1086 565 1167 iis¹
588 1086 758 1176 cernitur,
788 1112 880 1186 ,quae
905 1110 949 1162 ex
973 1088 1232 1162 commentariis
1256 1088 1295 1161 in

206 1180 341 1258 scholia
356 1184 519 1276 admissa,
544 1210 648 1285 qnam
672 1184 710 1257 in
734 1185 788 1274 iis,
814 1210 905 1285 quae
929 1188 1020 1260 sunt
1038 1184 1189 1261 exclusa.
1214 1184 1294 1261 Hoc

203 1279 369 1356 volum‘en
394 1309 502 1384 quum
524 1282 628 1357 nobis
652 1281 819 1356 traditum
844 1292 910 1372 est,
934 1283 1003 1356 iam
1020 1308 1204 1383 operarum
1222 1309 1294 1357 ma-

204 1402 273 1453 nua
285 1380 324 1452 in
335 1379 440 1456 huius
461 1379 568 1454 libelli
580 1379 729 1481 plagulis
741 1379 983 1456 describendis
995 1382 1235 1471 versabantur,
1253 1391 1293 1457 ut

204 1501 249 1550 ex
265 1502 308 1552 eo
352 1504 437 1553 auca
451 1486 589 1554 tantum
606 1477 644 1550 in
660 1476 905 1552 adnotationes
922 1479 1115 1553 transferre
1130 1479 1262 1573 liceret

337 1575 445 1651 ullum
474 1575 654 1651 doctrinae
685 1594 796 1677 genus
828 1574 917 1650 adeo
947 1576 1140 1651 solitarium
1171 1587 1208 1652 et
1232 1577 1291 1651 ab·

203 1670 317 1747 ditum
341 1683 412 1765 est,
444 1675 531 1776 quin
560 1698 646 1749 suos
670 1673 825 1774 reliquis,
841 1672 1037 1773 disciplinis
1069 1672 1205 1751 fructus
1231 1674 1292 1749 de-

201 1769 293 1844 beat.
324 1770 446 1872 Quare
468 1781 659 1874 postquam
672 1769 879 1847 Aristotelis
903 1769 1059 1846 studium
1083 1799 1148 1873 per
1171 1773 1291 1847 secula

201 1865 276 1942 fere
299 1868 539 1945 intermissum
562 1895 654 1945 nova
678 1895 762 1943 cura
786 1867 909 1970 agitari
932 1879 1096 1972 coeptum
1121 1879 1187 1960 est,
1211 1888 1292 1971 spe-

202 1992 281 2041 rare
304 1966 404 2058 licet,
433 1966 526 2059 lore,
555 1977 596 2042 ut
618 1963 701 2041 inde
726 1965 771 2053 ad
795 1991 1018 2042 communem
1041 1966 1209 2043 scientiae
1234 1994 1291 2045 so-

202 2064 364 2141 cietatem
396 2092 461 2142 sua
490 2063 673 2142 commoda
707 2062 914 2140 redundent
969 2064 1087 2166 Quam
1117 2092 1219 2166 spem
1250 2075 1291 2140 ut

201 2189 267 2264 pro
296 2173 421 2239 nostra
445 2164 588 2265 quidem
612 2171 713 2264 parte
736 2172 847 2235 ratam
876 2160 1088 2253 faceremus,
1116 2165 1184 2236 iam
1214 2163 1290 2251 has,

92 2280 97 2287 “
203 2260 467 2360 qualescunque
497 2269 595 2348 sunt,
626 2257 803 2358 symbolas
837 2256 1060 2332 contulimus.
1115 2258 1219 2359 Quae
1248 2271 1291 2335 ut

201 2358 373 2435 benevole
398 2357 623 2472 excipiantur,
649 2368 734 2429 exce
759 2365 817 2430 tae
840 2350 936 2432 vero'
951 2355 994 2429 ab
1018 2356 1099 2455 ipso
1123 2381 1190 2430 usu
1213 2366 1290 2431 tan-

202 2482 308 2556 quam
329 2454 446 2531 iudice
469 2463 674 2554 incorrupto
697 2384 758 2529 vel
778 2452 980 2529 reiiciantur
1002 2452 1060 2529 vel
1084 2455 1290 2530 confirmen-

201 2565 260 2630 tur
285 2564 322 2629 et
346 2554 591 2644 emendentur,
617 2562 778 2652 optamus
804 2562 841 2626 et
863 2572 1037 2647 rogamus.
1103 2578 1108 2585 ·

295 2651 371 2728 Ser.
395 2650 567 2740 Berolini‚
591 2672 702 2726 mens.
727 2648 812 2726 Oct
828 2642 1188 2726 MDCCCXXXVL
