2618 4546
1156 196 1203 273 97

109 368 258 437 omnibus
278 366 328 435 iit.
370 366 421 435 ct.
436 391 464 436 o.
485 389 516 454 g.
532 368 654 436 Euclid.
671 368 762 437 ciem.
780 370 842 438 XI.
857 393 947 463 prop.
971 374 1013 458 i,
1035 380 1099 462 uit,
1120 386 1204 466 quod

108 482 151 549 de
175 482 324 549 emmim
349 478 447 547 lineis
472 496 531 570 por
555 502 656 548 mrum
676 495 831 570 punctum
858 486 962 552 ductis
983 490 1201 562 demonstran·

106 594 186 661 du
204 603 294 675 erat,
320 592 361 659 de
382 593 487 681 prima
513 594 662 682 proxima
684 592 777 680 qdasi
799 608 985 665 cunctorum
1007 603 1129 672 vicaria
1149 609 1201 674 de-

106 716 315 773 munimur.

599 815 628 902 ᾗ.
651 814 704 882 47.

196 927 293 1006 Quod
312 927 492 993 universale
520 939 585 1010 est,
613 927 648 992 id
675 931 813 1015 primum
839 943 890 996 est
917 946 950 998 et
978 955 1084 1002 rerum
1110 952 1201 1007 natu·

106 1040 252 1107 remita
279 1040 459 1121 constituit,
496 1051 532 1104 ut
560 1058 602 1103 ex
628 1040 700 1127 ipso
729 1060 843 1106 causae
869 1056 1070 1132 repetantur,
1096 1050 1201 1138 ipsum

105 1165 214 1219 autom
241 1148 372 1215 aliunde
397 1170 464 1216 non
494 1151 634 1238 pendeat
661 1153 807 1235 ideoque·
822 1155 872 1217 sui
899 1156 1000 1242 ipsius
1029 1161 1072 1223 sit
1094 1182 1198 1229 causa.

103 1262 166 1330 liat
186 1263 276 1328 enim
296 1262 475 1329 universale
496 1261 600 1348 ipsius
621 1263 671 1326 roi
692 1265 784 1345 quasi
806 1262 860 1328 lex
881 1277 915 1330 et
935 1268 1030 1332 ratio.

192 1485 265 1549 iam
290 1492 440 1570 apparet,
468 1500 554 1560 esse,
588 1502 668 1564 quae
694 1483 730 1545 in
757 1495 857 1546 semet
884 1484 965 1570 ipsis
993 1509 1120 1557 oausam
1141 1490 1198 1559 ira.

102 1603 204 1666 iream
224 1597 379 1684 positam,
408 1604 444 1657 ut
472 1612 538 1655 non
561 1594 671 1657 eodem
692 1595 802 1674 modo,
826 1615 887 1677 quo
910 1597 1047 1681 reliqua,
1074 1607 1200 1690 possint

101 1706 328 1776 demonstrari.
376 1705 514 1771 Accedit
539 1707 623 1768 ratio
652 1727 694 1768 ex
720 1705 821 1792 ipsius
854 1710 1050 1791 cognitionis
1082 1728 1199 1782 natura

101 1834 138 1887 et
159 1820 343 1885 conditione
369 1818 514 1903 repetita.
559 1817 645 1881 Nom
672 1818 702 1880 si
730 1837 825 1882 causa
853 1840 895 1881 ex
923 1841 1021 1886 causa
1049 1827 1197 1908 nectitur,

100 1952 173 1999 nou
194 1940 254 2012 eet,
277 1931 396 2011 inquo
419 1930 629 2003 consistenti,
658 1929 714 1991 sed
744 1931 786 1992 ab
807 1929 872 1992 alio
895 1933 935 1993 ad
958 1933 1045 1997 aliud
1067 1936 1103 1999 in
1125 1938 1197 2001 inii.

100 2046 209 2110 nitum
230 2041 421 2128 proceditur·
467 2040 540 2114 Quo
562 2039 688 2120 quidem
710 2040 781 2124 ipsa
803 2041 1034 2106 demonstratio
1056 2046 1195 2130 tollitur3

102 2155 230 2239 aufugit
257 2152 343 2216 enim
370 2171 484 2230 causa,
515 2150 551 2212 iu
579 2169 641 2231 qua
674 2153 858 2238 occupanda
885 2164 917 2215 et
944 2154 1114 2223 detinenda
1143 2160 1196 2224 de·

102 2264 295 2332 monstratio
321 2274 465 2327 versatur
472 2282 482 2340 ;
515 2280 617 2342 neque
644 2282 776 2346 usquam
803 2264 971 2346 quidquam
1000 2267 1059 2331 fixi
1087 2270 1195 2357 depre-

102 2376 266 2455 henditur,
288 2392 349 2456 quo
371 2386 522 2455 tanquam
539 2374 744 2438 fundamento
759 2374 880 2457 reliqua
895 2377 1047 2440 nitantur.
1088 2381 1195 2456 (iurare

105 2488 246 2575 cognitio
267 2487 315 2549 ita
336 2485 430 2549 finito
452 2484 643 2562 continetur,
666 2497 702 2548 ut
718 2485 879 2549 infinitum
894 2489 1059 2572 repudiare
1074 2492 1194 2557 debeat.

104 2601 217 2682 Itaque
237 2618 305 2662 non
327 2599 435 2660 omnia
457 2616 552 2682 posse
574 2595 768 2659 demonstari
790 2617 830 2659 ex
852 2598 922 2682 ipsa
942 2600 1127 2679 cognitione
1146 2605 1195 2668 in.

105 2710 269 2797 telligitur.

596 2817 622 2902 ξ.
647 2817 699 2882 ort.

192 2933 408 3016 Unaquaeque
430 2934 530 3016 igitur
558 2931 746 3017 disciplina,
776 2933 924 3013 quoniam
953 2932 987 2995 in
1017 2937 1120 2998 causis
1147 2937 1196 3001 iu·

106 3047 267 3131 quirendir
287 3046 325 3109 in
348 3045 512 3109 infinitum
526 3045 699 3130 procedere
715 3061 776 3105 neo
790 3043 882 3107 debet
897 3064 957 3107 nec
972 3057 1086 3130 potest,
1108 3049 1195 3133 prin.

106 3162 222 3247 cipiunt
245 3157 362 3222 habere
384 3157 492 3234 dehet,
515 3155 597 3236 quod
619 3174 676 3240 per
697 3175 733 3218 se
755 3155 859 3240 ipsum
884 3155 979 3218 iidem
1001 3155 1134 3235 habeat,
1158 3171 1195 3223 ut

106 3272 141 3335 in
162 3271 224 3334 hac
245 3271 317 3355 ipsa
339 3267 510 3355 disciplina
532 3267 571 3327 dc
594 3265 693 3351 ipsius
718 3266 822 3329 causis
844 3259 891 3341 (τὸ
913 3257 965 3321 διὰ
988 3259 1030 3343 τί)
1053 3272 1193 3347 quaestio

103 3381 146 3447 rit
166 3380 266 3446 nulla.

593 3484 621 3570 ᾧ.
645 3486 697 3549 no.

191 3603 353 3681 Quoniam
380 3601 609 3665 demonstratio
637 3601 672 3662 in
699 3597 860 3662 infinitum
882 3597 969 3659 abire
992 3617 1058 3661 non
1079 3614 1193 3687 potest,

102 3714 255 3798 requitur,
276 3725 314 3777 ut
334 3713 495 3800 principia
515 3712 597 3789 rint,
631 3729 709 3791 quae
738 3708 951 3772 demonstrari
977 3729 1050 3777 non
1076 3715 1198 3797 possint

102 3815 353 3905 (ἀναπόδεικτα).
408 3824 497 3890 Haec
530 3809 637 3901 r'r'peoo
672 3821 836 3893 dicuntum
870 3836 1087 3902 rrnaquneque
1118 3821 1202 3882 enim

102 3958 200 4003 eausa
220 3948 372 4016 tanquam
393 3936 514 4009 media,
544 3954 602 4015 quo
627 3952 678 3994 res
705 3933 960 4013 coniunguntur,
991 3930 1204 3997 interseritur.

101 4046 268 4114 Eiusmodi
301 4046 454 4125 medium,
488 4066 529 4106 ex
562 4062 625 4124 quo
661 4055 911 4127 cognoscantur,
950 4060 1055 4127 quum
1090 4040 1206 4126 princi·

982 4150 1005 4217 7
