<?xml version="1.0" encoding="UTF-8"?>
<!DOCTYPE html PUBLIC "-//W3C//DTD XHTML 1.0 Transitional//EN"
    "http://www.w3.org/TR/xhtml1/DTD/xhtml1-transitional.dtd">
<html xmlns="http://www.w3.org/1999/xhtml" xml:lang="en" lang="en">
 <head>
  <title>
</title>
<meta http-equiv="Content-Type" content="text/html;charset=utf-8" />
  <meta name='ocr-system' content='tesseract 3.04.00' />
  <meta name='ocr-capabilities' content='ocr_page ocr_carea ocr_par ocr_line ocrx_word'/>
</head>
<body>
  <div class='ocr_page' id='page_1' title='image "./elementalogices00arisgoog_0127.png"; bbox 0 0 2618 4546; ppageno 0'>
   <div class='ocr_carea' id='block_1_1' title="bbox 110 165 262 254">
    <p class='ocr_par' dir='ltr' id='par_1_1' title="bbox 110 165 262 254">
     <span class='ocr_line' id='line_1_1' title="bbox 110 165 262 254; baseline -0.02 0"><span class='ocrx_word' id='word_1_1' title='bbox 110 165 262 254; x_wconf 53' lang='lat' dir='ltr'><strong>‘ed⁸</strong></span> 
     </span>
    </p>
   </div>
   <div class='ocr_carea' id='block_1_2' title="bbox 50 352 1299 3796">
    <p class='ocr_par' dir='ltr' id='par_1_2' title="bbox 134 352 1256 1129">
     <span class='ocr_line' id='line_1_2' title="bbox 155 352 1256 459; baseline -0.008 -25"><span class='ocrx_word' id='word_1_2' title='bbox 155 372 211 459; x_wconf 83' lang='lat' dir='ltr'><strong>pic·</strong></span> <span class='ocrx_word' id='word_1_3' title='bbox 229 368 309 432; x_wconf 83' lang='lat' dir='ltr'><strong>non&#39;</strong></span> <span class='ocrx_word' id='word_1_4' title='bbox 330 367 485 447; x_wconf 89' lang='lat' dir='ltr'><strong>babeant,</strong></span> <span class='ocrx_word' id='word_1_5' title='bbox 514 384 623 446; x_wconf 79' lang='grc' dir='ltr'>αμεσα</span> <span class='ocrx_word' id='word_1_6' title='bbox 651 366 809 430; x_wconf 88' lang='lat' dir='ltr'><strong>dicuntur.</strong></span> <span class='ocrx_word' id='word_1_7' title='bbox 861 369 951 443; x_wconf 83' lang='lat' dir='ltr'><strong>Quae</strong></span> <span class='ocrx_word' id='word_1_8' title='bbox 976 360 1088 428; x_wconf 80' lang='lat' dir='ltr'><strong>Latini</strong></span> <span class='ocrx_word' id='word_1_9' title='bbox 1114 352 1256 426; x_wconf 72' lang='lat' dir='ltr'><strong>imma-⁵</strong></span> 
     </span>
     <span class='ocr_line' id='line_1_3' title="bbox 157 469 1255 560; baseline -0.009 -15"><span class='ocrx_word' id='word_1_10' title='bbox 157 484 464 558; x_wconf 76' lang='lat' dir='ltr'><strong>dieto-verterunt,</strong></span> <span class='ocrx_word' id='word_1_11' title='bbox 492 478 578 541; x_wconf 85' lang='lat' dir='ltr'><strong>velut</strong></span> <span class='ocrx_word' id='word_1_12' title='bbox 600 477 632 540; x_wconf 84' lang='lat' dir='ltr'><strong>li.</strong></span> <span class='ocrx_word' id='word_1_13' title='bbox 654 478 675 541; x_wconf 93' lang='lat' dir='ltr'><strong>l.</strong></span> <span class='ocrx_word' id='word_1_14' title='bbox 697 477 863 543; x_wconf 71' lang='lat' dir='ltr'><strong>Boethius.</strong></span> <span class='ocrx_word' id='word_1_15' title='bbox 909 477 1013 541; x_wconf 88' lang='lat' dir='ltr'><strong>Erunt</strong></span> <span class='ocrx_word' id='word_1_16' title='bbox 1039 469 1255 560; x_wconf 76' lang='lat' dir='ltr'><strong>igiturprinb</strong></span> 
     </span>
     <span class='ocr_line' id='line_1_4' title="bbox 159 575 1254 680; baseline -0.009 -24"><span class='ocrx_word' id='word_1_17' title='bbox 159 594 259 680; x_wconf 83' lang='lat' dir='ltr'><strong>cipia,</strong></span> <span class='ocrx_word' id='word_1_18' title='bbox 292 608 391 673; x_wconf 86' lang='lat' dir='ltr'><strong>eaque</strong></span> <span class='ocrx_word' id='word_1_19' title='bbox 416 589 547 676; x_wconf 83' lang='lat' dir='ltr'><strong>duplici</strong></span> <span class='ocrx_word' id='word_1_20' title='bbox 559 601 562 605; x_wconf 86' lang='grc'><strong>’</strong></span> <span class='ocrx_word' id='word_1_21' title='bbox 579 584 710 656; x_wconf 79' lang='lat' dir='ltr'><strong>ratione</strong></span> <span class='ocrx_word' id='word_1_22' title='bbox 738 575 853 671; x_wconf 68' lang='lat' dir='ltr'><strong>ducena</strong></span> <span class='ocrx_word' id='word_1_23' title='bbox 882 611 885 615; x_wconf 93' lang='lat'>·</span> <span class='ocrx_word' id='word_1_24' title='bbox 906 582 1000 665; x_wconf 83' lang='lat' dir='ltr'><strong>Quod</strong></span> <span class='ocrx_word' id='word_1_25' title='bbox 1032 584 1254 670; x_wconf 65' lang='lat' dir='ltr'><strong>significaturi</strong></span> 
     </span>
     <span class='ocr_line' id='line_1_5' title="bbox 159 689 1253 786; baseline -0.002 -24"><span class='ocrx_word' id='word_1_26' title='bbox 159 689 270 786; x_wconf 70' lang='grc' dir='ltr'>ᾗτοὺς</span> <span class='ocrx_word' id='word_1_27' title='bbox 291 691 381 782; x_wconf 71' lang='grc' dir='ltr'>ὅρους</span> <span class='ocrx_word' id='word_1_28' title='bbox 402 694 602 782; x_wconf 71' lang='grc' dir='ltr'><strong><em>γνωρίζομεν.</em></strong></span> <span class='ocrx_word' id='word_1_29' title='bbox 647 702 732 765; x_wconf 85' lang='lat' dir='ltr'><strong>Nam</strong></span> <span class='ocrx_word' id='word_1_30' title='bbox 754 703 790 766; x_wconf 90' lang='lat' dir='ltr'><strong>in</strong></span> <span class='ocrx_word' id='word_1_31' title='bbox 811 701 998 784; x_wconf 83' lang='lat' dir='ltr'><strong>syllogismo</strong></span> <span class='ocrx_word' id='word_1_32' title='bbox 1027 699 1160 761; x_wconf 83' lang='lat' dir='ltr'><strong>termini</strong></span> <span class='ocrx_word' id='word_1_33' title='bbox 1182 716 1253 760; x_wconf 84' lang='lat' dir='ltr'><strong>cum</strong></span> 
     </span>
     <span class='ocr_line' id='line_1_6' title="bbox 134 806 1252 898; baseline -0.008 -19"><span class='ocrx_word' id='word_1_34' title='bbox 134 816 202 888; x_wconf 77' lang='lat' dir='ltr'><strong>,ad</strong></span> <span class='ocrx_word' id='word_1_35' title='bbox 223 814 389 898; x_wconf 85' lang='lat' dir='ltr'><strong>generalia</strong></span> <span class='ocrx_word' id='word_1_36' title='bbox 411 814 554 894; x_wconf 85' lang='lat' dir='ltr'><strong>tendunt,</strong></span> <span class='ocrx_word' id='word_1_37' title='bbox 577 824 613 876; x_wconf 88' lang='lat' dir='ltr'><strong>ut</strong></span> <span class='ocrx_word' id='word_1_38' title='bbox 634 806 747 894; x_wconf 88' lang='lat' dir='ltr'><strong>maior,</strong></span> <span class='ocrx_word' id='word_1_39' title='bbox 770 814 899 877; x_wconf 81' lang='lat' dir='ltr'><strong>turned</strong></span> <span class='ocrx_word' id='word_1_40' title='bbox 921 811 1115 896; x_wconf 79' lang='lat' dir='ltr'>singularia,</span> <span class='ocrx_word' id='word_1_41' title='bbox 1137 819 1174 872; x_wconf 91' lang='lat' dir='ltr'><strong>ut</strong></span> <span class='ocrx_word' id='word_1_42' title='bbox 1196 809 1252 870; x_wconf 83' lang='lat' dir='ltr'><strong>mi·</strong></span> 
     </span>
     <span class='ocr_line' id='line_1_7' title="bbox 161 923 1252 1010; baseline -0.006 -21"><span class='ocrx_word' id='word_1_43' title='bbox 161 945 230 991; x_wconf 87' lang='lat' dir='ltr'><strong>nor.</strong></span> <span class='ocrx_word' id='word_1_44' title='bbox 276 927 383 1001; x_wconf 82' lang='lat' dir='ltr'>Quare</span> <span class='ocrx_word' id='word_1_45' title='bbox 412 933 445 986; x_wconf 88' lang='lat' dir='ltr'><strong>et</strong></span> <span class='ocrx_word' id='word_1_46' title='bbox 473 944 527 1003; x_wconf 85' lang='lat' dir='ltr'><strong>ca,</strong></span> <span class='ocrx_word' id='word_1_47' title='bbox 555 934 637 1006; x_wconf 86' lang='lat' dir='ltr'><strong>q&#39;uae</strong></span> <span class='ocrx_word' id='word_1_48' title='bbox 666 946 804 991; x_wconf 85' lang='lat' dir='ltr'><strong>asensu</strong></span> <span class='ocrx_word' id='word_1_49' title='bbox 831 924 1053 1010; x_wconf 84' lang='lat' dir='ltr'><strong>percipiuntur</strong></span> <span class='ocrx_word' id='word_1_50' title='bbox 1070 923 1114 1002; x_wconf 83' lang='lat'><strong>¹),</strong></span> <span class='ocrx_word' id='word_1_51' title='bbox 1142 931 1177 985; x_wconf 82' lang='lat' dir='ltr'><strong>et</strong></span> <span class='ocrx_word' id='word_1_52' title='bbox 1205 940 1252 999; x_wconf 84' lang='lat' dir='ltr'><strong>ea,</strong></span> 
     </span>
     <span class='ocr_line' id='line_1_8' title="bbox 162 1011 1253 1129; baseline -0.005 -28"><span class='ocrx_word' id='word_1_53' title='bbox 162 1057 241 1120; x_wconf 87' lang='lat' dir='ltr'><strong>quae</strong></span> <span class='ocrx_word' id='word_1_54' title='bbox 260 1039 304 1102; x_wconf 89' lang='lat' dir='ltr'><strong>ab</strong></span> <span class='ocrx_word' id='word_1_55' title='bbox 326 1028 489 1100; x_wconf 86' lang='lat' dir='ltr'><strong>intellectu</strong></span> <span class='ocrx_word' id='word_1_56' title='bbox 510 1046 684 1122; x_wconf 75' lang='lat' dir='ltr'><strong>ponuntur,</strong></span> <span class='ocrx_word' id='word_1_57' title='bbox 707 1011 817 1117; x_wconf 71' lang='grc' dir='ltr'>ἅμεσα</span> <span class='ocrx_word' id='word_1_58' title='bbox 837 1046 908 1100; x_wconf 77' lang='lat' dir='ltr'><strong>esse</strong></span> <span class='ocrx_word' id='word_1_59' title='bbox 928 1044 1085 1129; x_wconf 60' lang='lat' dir='ltr'><strong>possunt&gt;</strong></span> <span class='ocrx_word' id='word_1_60' title='bbox 1127 1068 1131 1076; x_wconf 90' lang='lat'><em>·</em></span> <span class='ocrx_word' id='word_1_61' title='bbox 1153 1034 1155 1039; x_wconf 83' lang='lat'>&#39;</span> <span class='ocrx_word' id='word_1_62' title='bbox 1241 1054 1253 1073; x_wconf 96' lang='grc'><strong>·-</strong></span> 
     </span>
    </p>

    <p class='ocr_par' dir='ltr' id='par_1_3' title="bbox 162 1124 1258 1546">
     <span class='ocr_line' id='line_1_9' title="bbox 497 1124 1089 1231; baseline 0 -20"><span class='ocrx_word' id='word_1_63' title='bbox 497 1140 500 1145; x_wconf 88' lang='grc'><strong><em>·</em></strong></span> <span class='ocrx_word' id='word_1_64' title='bbox 560 1152 564 1159; x_wconf 96' lang='grc'><strong><em>·</em></strong></span> <span class='ocrx_word' id='word_1_65' title='bbox 653 1143 757 1231; x_wconf 69' lang='lat' dir='ltr'><strong>oar.</strong></span> <span class='ocrx_word' id='word_1_66' title='bbox 1051 1124 1089 1147; x_wconf 76' lang='grc'><strong>“·</strong></span> 
     </span>
     <span class='ocr_line' id='line_1_10' title="bbox 249 1240 1258 1341; baseline 0.002 -25"><span class='ocrx_word' id='word_1_67' title='bbox 249 1243 395 1338; x_wconf 61' lang='lat' dir='ltr'><strong>ducenos</strong></span> <span class='ocrx_word' id='word_1_68' title='bbox 421 1240 463 1331; x_wconf 68' lang='grc' dir='ltr'><strong>ἧς</strong></span> <span class='ocrx_word' id='word_1_69' title='bbox 489 1248 543 1335; x_wconf 70' lang='grc' dir='ltr'><strong>μή</strong></span> <span class='ocrx_word' id='word_1_70' title='bbox 569 1251 675 1319; x_wconf 62' lang='grc' dir='ltr'><strong><em>ἔστιν</em></strong></span> <span class='ocrx_word' id='word_1_71' title='bbox 701 1245 1010 1341; x_wconf 62' lang='grc' dir='ltr'><strong>ἅλληπροτέρα]</strong></span> <span class='ocrx_word' id='word_1_72' title='bbox 1046 1253 1131 1318; x_wconf 81' lang='lat' dir='ltr'><strong>Nam</strong></span> <span class='ocrx_word' id='word_1_73' title='bbox 1157 1254 1187 1317; x_wconf 78' lang='lat' dir='ltr'><strong>si</strong></span> <span class='ocrx_word' id='word_1_74' title='bbox 1215 1258 1258 1317; x_wconf 55' lang='grc' dir='ltr'><strong>εἰ</strong></span> 
     </span>
     <span class='ocr_line' id='line_1_11' title="bbox 162 1344 1256 1458; baseline -0.005 -26"><span class='ocrx_word' id='word_1_75' title='bbox 162 1370 263 1458; x_wconf 78' lang='lat' dir='ltr'>priori</span> <span class='ocrx_word' id='word_1_76' title='bbox 285 1378 479 1449; x_wconf 80' lang='lat' dir='ltr'><strong>sequeretur,</strong></span> <span class='ocrx_word' id='word_1_77' title='bbox 502 1379 585 1432; x_wconf 87' lang='lat' dir='ltr'><strong>esset</strong></span> <span class='ocrx_word' id='word_1_78' title='bbox 608 1344 835 1451; x_wconf 66' lang='lat' dir='ltr'><strong>quidm-‘baec</strong></span> <span class='ocrx_word' id='word_1_79' title='bbox 856 1369 971 1443; x_wconf 85' lang='lat' dir='ltr'><strong>media,</strong></span> <span class='ocrx_word' id='word_1_80' title='bbox 993 1388 1033 1447; x_wconf 72' lang='lat' dir='ltr'><strong>err</strong></span> <span class='ocrx_word' id='word_1_81' title='bbox 1056 1386 1117 1448; x_wconf 84' lang='lat' dir='ltr'><strong>qua</strong></span> <span class='ocrx_word' id='word_1_82' title='bbox 1139 1383 1256 1450; x_wconf 87' lang='lat' dir='ltr'><strong>cogno·</strong></span> 
     </span>
     <span class='ocr_line' id='line_1_12' title="bbox 163 1487 762 1546; baseline -0.008 0"><span class='ocrx_word' id='word_1_83' title='bbox 163 1490 312 1546; x_wconf 86' lang='lat' dir='ltr'><strong>sceretur.</strong></span> <span class='ocrx_word' id='word_1_84' title='bbox 738 1487 762 1531; x_wconf 79' lang='lat'><strong>&#39;-</strong></span> 
     </span>
    </p>

    <p class='ocr_par' dir='ltr' id='par_1_4' title="bbox 50 1578 1290 2339">
     <span class='ocr_line' id='line_1_13' title="bbox 489 1578 833 1676; baseline -0.012 -61"><span class='ocrx_word' id='word_1_85' title='bbox 489 1608 492 1615; x_wconf 47' lang='lat' dir='ltr'><strong>r</strong></span> <span class='ocrx_word' id='word_1_86' title='bbox 562 1636 565 1641; x_wconf 35' lang='grc' dir='ltr'>Ι</span> <span class='ocrx_word' id='word_1_87' title='bbox 599 1578 606 1589; x_wconf 70' lang='grc'>’</span> <span class='ocrx_word' id='word_1_88' title='bbox 655 1589 683 1676; x_wconf 61' lang='lat'><strong>§·</strong></span> <span class='ocrx_word' id='word_1_89' title='bbox 706 1588 759 1655; x_wconf 56' lang='lat'><strong>52·</strong></span> <span class='ocrx_word' id='word_1_90' title='bbox 828 1604 833 1611; x_wconf 91' lang='lat'>.</span> 
     </span>
     <span class='ocr_line' id='line_1_14' title="bbox 250 1691 1256 1786; baseline 0.002 -25"><span class='ocrx_word' id='word_1_91' title='bbox 250 1691 368 1772; x_wconf 81' lang='grc' dir='ltr'><strong><em>Θέσις</em></strong></span> <span class='ocrx_word' id='word_1_92' title='bbox 390 1714 423 1766; x_wconf 86' lang='lat' dir='ltr'><strong>et</strong></span> <span class='ocrx_word' id='word_1_93' title='bbox 445 1694 598 1781; x_wconf 73' lang='grc' dir='ltr'>ἀξίωμα</span> <span class='ocrx_word' id='word_1_94' title='bbox 620 1702 790 1767; x_wconf 78' lang='lat' dir='ltr'><strong>Aristoteli</strong></span> <span class='ocrx_word' id='word_1_95' title='bbox 807 1703 854 1766; x_wconf 82' lang='lat' dir='ltr'><strong>ita</strong></span> <span class='ocrx_word' id='word_1_96' title='bbox 876 1692 1037 1781; x_wconf 84' lang='lat' dir='ltr'><strong>differunt,</strong></span> <span class='ocrx_word' id='word_1_97' title='bbox 1059 1711 1096 1763; x_wconf 89' lang='lat' dir='ltr'><strong>ut</strong></span> <span class='ocrx_word' id='word_1_98' title='bbox 1117 1699 1176 1763; x_wconf 82' lang='lat' dir='ltr'><strong>ille</strong></span> <span class='ocrx_word' id='word_1_99' title='bbox 1198 1720 1256 1786; x_wconf 86' lang='lat' dir='ltr'><strong>pro</strong></span> 
     </span>
     <span class='ocr_line' id='line_1_15' title="bbox 164 1811 1256 1899; baseline -0.002 -21"><span class='ocrx_word' id='word_1_100' title='bbox 164 1827 305 1899; x_wconf 75' lang='lat' dir='ltr'><strong>tompore</strong></span> <span class='ocrx_word' id='word_1_101' title='bbox 327 1814 423 1876; x_wconf 88' lang='lat' dir='ltr'><strong>etad</strong></span> <span class='ocrx_word' id='word_1_102' title='bbox 445 1832 514 1875; x_wconf 87' lang='lat' dir='ltr'><strong>rem</strong></span> <span class='ocrx_word' id='word_1_103' title='bbox 535 1826 689 1899; x_wconf 81' lang='lat' dir='ltr'><strong>ponatur,</strong></span> <span class='ocrx_word' id='word_1_104' title='bbox 718 1812 780 1878; x_wconf 87' lang='lat' dir='ltr'><strong>h&#39;oc</strong></span> <span class='ocrx_word' id='word_1_105' title='bbox 808 1817 847 1876; x_wconf 85' lang='lat' dir='ltr'><strong>ab</strong></span> <span class='ocrx_word' id='word_1_106' title='bbox 875 1814 1019 1875; x_wconf 88' lang='lat' dir='ltr'><strong>omnibus</strong></span> <span class='ocrx_word' id='word_1_107' title='bbox 1048 1823 1083 1875; x_wconf 90' lang='lat' dir='ltr'><strong>et</strong></span> <span class='ocrx_word' id='word_1_108' title='bbox 1103 1811 1256 1876; x_wconf 81' lang='lat' dir='ltr'><strong>absolute.</strong></span> 
     </span>
     <span class='ocr_line' id='line_1_16' title="bbox 116 1923 1290 2010; baseline -0.006 -17"><span class='ocrx_word' id='word_1_109' title='bbox 116 1976 121 1993; x_wconf 85' lang='lat'><em>.</em></span> <span class='ocrx_word' id='word_1_110' title='bbox 164 1926 211 1990; x_wconf 92' lang='lat' dir='ltr'><strong>Ut</strong></span> <span class='ocrx_word' id='word_1_111' title='bbox 233 1923 439 2007; x_wconf 75' lang='lat' dir='ltr'><strong>syllogismus</strong></span> <span class='ocrx_word' id='word_1_112' title='bbox 468 1926 633 2010; x_wconf 83' lang='lat' dir='ltr'><strong>procedat,</strong></span> <span class='ocrx_word' id='word_1_113' title='bbox 662 1925 753 1988; x_wconf 89' lang='lat' dir='ltr'><strong>debet</strong></span> <span class='ocrx_word' id='word_1_114' title='bbox 775 1926 813 1987; x_wconf 91' lang='lat' dir='ltr'><strong>de</strong></span> <span class='ocrx_word' id='word_1_115' title='bbox 828 1924 942 2006; x_wconf 87' lang='lat' dir='ltr'><strong>&#39;aliquo</strong></span> <span class='ocrx_word' id='word_1_116' title='bbox 966 1923 1147 1998; x_wconf 77' lang='lat' dir='ltr'><strong>conveniri,</strong></span> <span class='ocrx_word' id='word_1_117' title='bbox 1164 1923 1258 2005; x_wconf 66' lang='lat' dir='ltr'><strong>qnod</strong></span> <span class='ocrx_word' id='word_1_118' title='bbox 1282 1968 1290 1976; x_wconf 83' lang='lat'><em>-</em></span> 
     </span>
     <span class='ocr_line' id='line_1_17' title="bbox 164 2030 1257 2122; baseline -0.003 -22"><span class='ocrx_word' id='word_1_119' title='bbox 164 2057 230 2100; x_wconf 91' lang='lat' dir='ltr'><strong>non</strong></span> <span class='ocrx_word' id='word_1_120' title='bbox 253 2037 486 2100; x_wconf 64' lang='lat' dir='ltr'><strong>demonstretur</strong></span> <span class='ocrx_word' id='word_1_121' title='bbox 509 2030 638 2120; x_wconf 49' lang='grc' dir='ltr'><strong>(βὲαιςῃ</strong></span> <span class='ocrx_word' id='word_1_122' title='bbox 667 2047 701 2100; x_wconf 91' lang='lat' dir='ltr'><strong>ut</strong></span> <span class='ocrx_word' id='word_1_123' title='bbox 727 2039 863 2100; x_wconf 85' lang='lat' dir='ltr'><strong>scientia</strong></span> <span class='ocrx_word' id='word_1_124' title='bbox 886 2036 1056 2114; x_wconf 88' lang='lat' dir='ltr'><strong>condatur,</strong></span> <span class='ocrx_word' id='word_1_125' title='bbox 1085 2054 1106 2097; x_wconf 86' lang='lat' dir='ltr'><strong>a</strong></span> <span class='ocrx_word' id='word_1_126' title='bbox 1134 2035 1257 2122; x_wconf 87' lang='lat' dir='ltr'><strong>princi-</strong></span> 
     </span>
     <span class='ocr_line' id='line_1_18' title="bbox 50 2133 1257 2235; baseline -0.001 -25"><span class='ocrx_word' id='word_1_127' title='bbox 50 2133 59 2161; x_wconf 79' lang='grc'><strong>’</strong></span> <span class='ocrx_word' id='word_1_128' title='bbox 163 2150 226 2234; x_wconf 84' lang='lat' dir='ltr'><strong>piis</strong></span> <span class='ocrx_word' id='word_1_129' title='bbox 261 2147 353 2210; x_wconf 87' lang='lat' dir='ltr'><strong>debet</strong></span> <span class='ocrx_word' id='word_1_130' title='bbox 385 2148 475 2228; x_wconf 87' lang='lat' dir='ltr'><strong>duci,</strong></span> <span class='ocrx_word' id='word_1_131' title='bbox 508 2168 587 2230; x_wconf 89' lang='lat' dir='ltr'><strong>quae</strong></span> <span class='ocrx_word' id='word_1_132' title='bbox 620 2167 677 2235; x_wconf 85' lang='lat' dir='ltr'><strong>per</strong></span> <span class='ocrx_word' id='word_1_133' title='bbox 709 2169 743 2210; x_wconf 89' lang='lat' dir='ltr'><strong>se</strong></span> <span class='ocrx_word' id='word_1_134' title='bbox 778 2159 865 2210; x_wconf 83' lang='lat' dir='ltr'><strong>certa</strong></span> <span class='ocrx_word' id='word_1_135' title='bbox 896 2159 930 2209; x_wconf 89' lang='lat' dir='ltr'><strong>et</strong></span> <span class='ocrx_word' id='word_1_136' title='bbox 962 2148 1147 2212; x_wconf 87' lang='lat' dir='ltr'><strong>necessaria</strong></span> <span class='ocrx_word' id='word_1_137' title='bbox 1183 2157 1257 2212; x_wconf 77' lang='lat' dir='ltr'><strong>sum</strong></span> 
     </span>
     <span class='ocr_line' id='line_1_19' title="bbox 161 2252 947 2339; baseline -0.005 -22"><span class='ocrx_word' id='word_1_138' title='bbox 161 2252 328 2339; x_wconf 70' lang='grc' dir='ltr'>(ἀξίωμα).</span> <span class='ocrx_word' id='word_1_139' title='bbox 944 2268 947 2273; x_wconf 89' lang='grc'><strong>’</strong></span> 
     </span>
    </p>

    <p class='ocr_par' dir='ltr' id='par_1_5' title="bbox 102 2348 1299 3235">
     <span class='ocr_line' id='line_1_20' title="bbox 126 2348 1255 2450; baseline 0.001 -24"><span class='ocrx_word' id='word_1_140' title='bbox 126 2354 129 2360; x_wconf 51' lang='grc'><strong>’</strong></span> <span class='ocrx_word' id='word_1_141' title='bbox 194 2410 199 2418; x_wconf 79' lang='lat'><strong>.</strong></span> <span class='ocrx_word' id='word_1_142' title='bbox 250 2353 294 2444; x_wconf 68' lang='grc' dir='ltr'><strong>ἣν</strong></span> <span class='ocrx_word' id='word_1_143' title='bbox 320 2348 542 2450; x_wconf 57' lang='grc' dir='ltr'><strong>δ”ἆνάγκη</strong></span> <span class='ocrx_word' id='word_1_144' title='bbox 572 2356 676 2443; x_wconf 63' lang='grc' dir='ltr'><strong><em>ἔχειν</em></strong></span> <span class='ocrx_word' id='word_1_145' title='bbox 702 2357 768 2429; x_wconf 76' lang='lat' dir='ltr'><strong>rba&gt;</strong></span> <span class='ocrx_word' id='word_1_146' title='bbox 798 2362 931 2429; x_wconf 71' lang='grc' dir='ltr'>ὁτιοῦν</span> <span class='ocrx_word' id='word_1_147' title='bbox 960 2360 1255 2449; x_wconf 60' lang='grc' dir='ltr'><strong>μαθησόμενον,</strong></span> 
     </span>
     <span class='ocr_line' id='line_1_21' title="bbox 164 2472 1256 2566; baseline 0 -21"><span class='ocrx_word' id='word_1_148' title='bbox 164 2472 333 2562; x_wconf 72' lang='grc' dir='ltr'>ἀξίωμα]</span> <span class='ocrx_word' id='word_1_149' title='bbox 365 2482 431 2556; x_wconf 84' lang='lat' dir='ltr'><strong>Qui</strong></span> <span class='ocrx_word' id='word_1_150' title='bbox 454 2483 661 2566; x_wconf 87' lang='lat' dir='ltr'><strong>quodcunque</strong></span> <span class='ocrx_word' id='word_1_151' title='bbox 682 2493 732 2547; x_wconf 89' lang='lat' dir='ltr'><strong>est</strong></span> <span class='ocrx_word' id='word_1_152' title='bbox 752 2482 874 2546; x_wconf 79' lang='lat' dir='ltr'><strong>discere</strong></span> <span class='ocrx_word' id='word_1_153' title='bbox 895 2479 1047 2562; x_wconf 83' lang='lat' dir='ltr'><strong>voluerit,</strong></span> <span class='ocrx_word' id='word_1_154' title='bbox 1076 2481 1106 2544; x_wconf 90' lang='lat' dir='ltr'><strong>is</strong></span> <span class='ocrx_word' id='word_1_155' title='bbox 1128 2481 1256 2545; x_wconf 76' lang='lat' dir='ltr'><strong>axioma</strong></span> 
     </span>
     <span class='ocr_line' id='line_1_22' title="bbox 164 2580 1299 2674; baseline 0 -18"><span class='ocrx_word' id='word_1_156' title='bbox 164 2605 273 2656; x_wconf 88' lang='lat' dir='ltr'><strong>tenere</strong></span> <span class='ocrx_word' id='word_1_157' title='bbox 300 2593 440 2674; x_wconf 84' lang='lat' dir='ltr'><strong>debebit,</strong></span> <span class='ocrx_word' id='word_1_158' title='bbox 468 2606 504 2658; x_wconf 92' lang='lat' dir='ltr'><strong>ut</strong></span> <span class='ocrx_word' id='word_1_159' title='bbox 531 2596 681 2660; x_wconf 85' lang='lat' dir='ltr'><strong>universa</strong></span> <span class='ocrx_word' id='word_1_160' title='bbox 707 2595 775 2657; x_wconf 88' lang='lat' dir='ltr'><strong>eius</strong></span> <span class='ocrx_word' id='word_1_161' title='bbox 804 2606 836 2657; x_wconf 89' lang='lat' dir='ltr'><strong>et</strong></span> <span class='ocrx_word' id='word_1_162' title='bbox 863 2591 1007 2658; x_wconf 88' lang='lat' dir='ltr'><strong>absoluta</strong></span> <span class='ocrx_word' id='word_1_163' title='bbox 1034 2593 1180 2656; x_wconf 88' lang='lat' dir='ltr'><strong>discendi</strong></span> <span class='ocrx_word' id='word_1_164' title='bbox 1201 2580 1253 2656; x_wconf 72' lang='lat' dir='ltr'><strong>n‘c·</strong></span> <span class='ocrx_word' id='word_1_165' title='bbox 1292 2633 1299 2643; x_wconf 89' lang='lat'><em>-</em></span> 
     </span>
     <span class='ocr_line' id='line_1_23' title="bbox 164 2703 1254 2790; baseline 0 -23"><span class='ocrx_word' id='word_1_166' title='bbox 164 2706 296 2767; x_wconf 81' lang='lat' dir='ltr'><strong>cessitas</strong></span> <span class='ocrx_word' id='word_1_167' title='bbox 319 2715 484 2789; x_wconf 82' lang='lat' dir='ltr'><strong>appareat.</strong></span> <span class='ocrx_word' id='word_1_168' title='bbox 532 2704 631 2768; x_wconf 83' lang='lat' dir='ltr'><strong>Cuius</strong></span> <span class='ocrx_word' id='word_1_169' title='bbox 653 2708 782 2790; x_wconf 84' lang='lat' dir='ltr'><strong>generis</strong></span> <span class='ocrx_word' id='word_1_170' title='bbox 803 2705 998 2790; x_wconf 87' lang='lat' dir='ltr'><strong>principium</strong></span> <span class='ocrx_word' id='word_1_171' title='bbox 1013 2715 1062 2766; x_wconf 89' lang='lat' dir='ltr'><strong>est</strong></span> <span class='ocrx_word' id='word_1_172' title='bbox 1076 2703 1158 2774; x_wconf 86' lang='lat' dir='ltr'><strong>illud</strong></span> <span class='ocrx_word' id='word_1_173' title='bbox 1174 2705 1254 2787; x_wconf 90' lang='lat' dir='ltr'><strong>quod</strong></span> 
     </span>
     <span class='ocr_line' id='line_1_24' title="bbox 162 2814 1253 2901; baseline 0.001 -24"><span class='ocrx_word' id='word_1_174' title='bbox 162 2826 277 2877; x_wconf 87' lang='lat' dir='ltr'><strong>vocant</strong></span> <span class='ocrx_word' id='word_1_175' title='bbox 303 2815 483 2881; x_wconf 84' lang='lat' dir='ltr'><strong>identitatis</strong></span> <span class='ocrx_word' id='word_1_176' title='bbox 512 2814 554 2901; x_wconf 61' lang='lat' dir='ltr'><strong>(b</strong></span> <span class='ocrx_word' id='word_1_177' title='bbox 586 2815 670 2898; x_wconf 80' lang='lat' dir='ltr'><strong>m),</strong></span> <span class='ocrx_word' id='word_1_178' title='bbox 704 2818 737 2880; x_wconf 91' lang='lat' dir='ltr'><strong>id</strong></span> <span class='ocrx_word' id='word_1_179' title='bbox 760 2817 842 2899; x_wconf 90' lang='lat' dir='ltr'><strong>quod</strong></span> <span class='ocrx_word' id='word_1_180' title='bbox 871 2814 1064 2880; x_wconf 89' lang='lat' dir='ltr'><strong>Aristoteles</strong></span> <span class='ocrx_word' id='word_1_181' title='bbox 1090 2815 1253 2898; x_wconf 89' lang='lat' dir='ltr'><strong>signifieat</strong></span> 
     </span>
     <span class='ocr_line' id='line_1_25' title="bbox 162 2922 1292 3015; baseline -0.002 -25"><span class='ocrx_word' id='word_1_182' title='bbox 162 2937 236 2990; x_wconf 90' lang='lat' dir='ltr'><strong>met.</strong></span> <span class='ocrx_word' id='word_1_183' title='bbox 261 2923 320 2987; x_wconf 90' lang='lat' dir='ltr'><strong>lV.</strong></span> <span class='ocrx_word' id='word_1_184' title='bbox 343 2922 374 2988; x_wconf 87' lang='lat'><strong>3.</strong></span> <span class='ocrx_word' id='word_1_185' title='bbox 419 2925 471 2991; x_wconf 89' lang='lat' dir='ltr'><strong>De</strong></span> <span class='ocrx_word' id='word_1_186' title='bbox 492 2927 638 2992; x_wconf 78' lang='lat' dir='ltr'><strong>vocabuli</strong></span> <span class='ocrx_word' id='word_1_187' title='bbox 661 2930 786 3012; x_wconf 86' lang='lat' dir='ltr'><strong>origine</strong></span> <span class='ocrx_word' id='word_1_188' title='bbox 808 2930 846 2991; x_wconf 86' lang='lat' dir='ltr'><strong>cf.</strong></span> <span class='ocrx_word' id='word_1_189' title='bbox 871 2929 913 2992; x_wconf 88' lang='lat' dir='ltr'><strong>ad</strong></span> <span class='ocrx_word' id='word_1_190' title='bbox 934 2925 961 3013; x_wconf 69' lang='lat' dir='ltr'><strong>§r</strong></span> <span class='ocrx_word' id='word_1_191' title='bbox 982 2924 1034 2991; x_wconf 81' lang='lat'><strong>41.</strong></span> <span class='ocrx_word' id='word_1_192' title='bbox 1066 2926 1159 2990; x_wconf 84' lang='lat' dir='ltr'><strong>¹Inde</strong></span> <span class='ocrx_word' id='word_1_193' title='bbox 1183 2949 1252 3010; x_wconf 83' lang='lat' dir='ltr'><strong>geo·</strong></span> <span class='ocrx_word' id='word_1_194' title='bbox 1289 3010 1292 3015; x_wconf 27' lang='grc' dir='ltr'>Ι</span> 
     </span>
     <span class='ocr_line' id='line_1_26' title="bbox 102 3026 1254 3126; baseline -0.005 -25"><span class='ocrx_word' id='word_1_195' title='bbox 102 3077 105 3086; x_wconf 88' lang='lat'>·</span> <span class='ocrx_word' id='word_1_196' title='bbox 161 3049 335 3101; x_wconf 74' lang='lat' dir='ltr'><strong>metrorum</strong></span> <span class='ocrx_word' id='word_1_197' title='bbox 357 3026 535 3118; x_wconf 67' lang='grc' dir='ltr'>ἀξιώματα,</span> <span class='ocrx_word' id='word_1_198' title='bbox 563 3060 643 3122; x_wconf 87' lang='lat' dir='ltr'><strong>quae</strong></span> <span class='ocrx_word' id='word_1_199' title='bbox 670 3041 754 3126; x_wconf 90' lang='lat' dir='ltr'><strong>apud</strong></span> <span class='ocrx_word' id='word_1_200' title='bbox 774 3039 937 3105; x_wconf 85' lang='lat' dir='ltr'><strong>Euclidem</strong></span> <span class='ocrx_word' id='word_1_201' title='bbox 959 3039 1076 3125; x_wconf 82' lang='lat' dir='ltr'><strong>partim</strong></span> <span class='ocrx_word' id='word_1_202' title='bbox 1098 3028 1254 3119; x_wconf 53' lang='lat' dir='ltr'><strong>abiurare</strong></span> 
     </span>
     <span class='ocr_line' id='line_1_27' title="bbox 161 3137 1251 3235; baseline -0.001 -21"><span class='ocrx_word' id='word_1_203' title='bbox 161 3150 279 3235; x_wconf 79' lang='lat' dir='ltr'><strong>partim</strong></span> <span class='ocrx_word' id='word_1_204' title='bbox 301 3138 405 3211; x_wconf 70' lang='grc' dir='ltr'><strong>κοιναὶ</strong></span> <span class='ocrx_word' id='word_1_205' title='bbox 428 3137 543 3209; x_wconf 65' lang='grc' dir='ltr'><strong>ἔννοιαι</strong></span> <span class='ocrx_word' id='word_1_206' title='bbox 566 3152 787 3232; x_wconf 82' lang='lat' dir='ltr'><strong>nominantur3</strong></span> <span class='ocrx_word' id='word_1_207' title='bbox 809 3163 904 3234; x_wconf 85' lang='lat' dir='ltr'><strong>atque</strong></span> <span class='ocrx_word' id='word_1_208' title='bbox 930 3149 994 3218; x_wconf 86' lang='lat' dir='ltr'><strong>hae</strong></span> <span class='ocrx_word' id='word_1_209' title='bbox 1015 3150 1141 3232; x_wconf 87' lang='lat' dir='ltr'><strong>quidem</strong></span> <span class='ocrx_word' id='word_1_210' title='bbox 1164 3149 1251 3215; x_wconf 86' lang='lat' dir='ltr'><strong>Stoi·</strong></span> 
     </span>
    </p>

    <p class='ocr_par' dir='ltr' id='par_1_6' title="bbox 163 3243 1091 3325">
     <span class='ocr_line' id='line_1_28' title="bbox 163 3243 1091 3325; baseline -0.005 -2"><span class='ocrx_word' id='word_1_211' title='bbox 163 3280 270 3325; x_wconf 88' lang='lat' dir='ltr'><strong>corum</strong></span> <span class='ocrx_word' id='word_1_212' title='bbox 292 3281 390 3325; x_wconf 87' lang='lat' dir='ltr'><strong>more.</strong></span> <span class='ocrx_word' id='word_1_213' title='bbox 1087 3243 1091 3254; x_wconf 56' lang='lat'>⁸</span> 
     </span>
    </p>

    <p class='ocr_par' dir='ltr' id='par_1_7' title="bbox 651 3372 755 3459">
     <span class='ocr_line' id='line_1_29' title="bbox 651 3372 755 3459; baseline -0.01 -21"><span class='ocrx_word' id='word_1_214' title='bbox 651 3372 679 3459; x_wconf 66' lang='lat' dir='ltr'><strong>b.</strong></span> <span class='ocrx_word' id='word_1_215' title='bbox 702 3372 755 3438; x_wconf 84' lang='lat'><strong>53.</strong></span> 
     </span>
    </p>

    <p class='ocr_par' dir='ltr' id='par_1_8' title="bbox 85 3484 1297 3796">
     <span class='ocr_line' id='line_1_30' title="bbox 250 3484 1251 3570; baseline 0.001 -25"><span class='ocrx_word' id='word_1_216' title='bbox 250 3486 355 3560; x_wconf 83' lang='lat' dir='ltr'><strong>Quum</strong></span> <span class='ocrx_word' id='word_1_217' title='bbox 377 3484 483 3570; x_wconf 85' lang='lat' dir='ltr'><strong>prima</strong></span> <span class='ocrx_word' id='word_1_218' title='bbox 510 3507 580 3549; x_wconf 88' lang='lat' dir='ltr'><strong>esse</strong></span> <span class='ocrx_word' id='word_1_219' title='bbox 607 3487 757 3566; x_wconf 87' lang='lat' dir='ltr'><strong>debeant,</strong></span> <span class='ocrx_word' id='word_1_220' title='bbox 785 3504 865 3566; x_wconf 87' lang='lat' dir='ltr'><strong>quae</strong></span> <span class='ocrx_word' id='word_1_221' title='bbox 893 3505 958 3548; x_wconf 91' lang='lat' dir='ltr'><strong>non</strong></span> <span class='ocrx_word' id='word_1_222' title='bbox 986 3485 1251 3565; x_wconf 87' lang='lat' dir='ltr'><strong>demonstrentur,</strong></span> 
     </span>
     <span class='ocr_line' id='line_1_31' title="bbox 163 3593 1297 3681; baseline 0.006 -27"><span class='ocrx_word' id='word_1_223' title='bbox 163 3605 313 3672; x_wconf 89' lang='lat' dir='ltr'><strong>tanquam</strong></span> <span class='ocrx_word' id='word_1_224' title='bbox 335 3597 499 3676; x_wconf 83' lang='lat' dir='ltr'><strong>universa,</strong></span> <span class='ocrx_word' id='word_1_225' title='bbox 528 3615 608 3678; x_wconf 87' lang='lat' dir='ltr'><strong>quae</strong></span> <span class='ocrx_word' id='word_1_226' title='bbox 635 3619 693 3681; x_wconf 88' lang='lat' dir='ltr'><strong>pcr</strong></span> <span class='ocrx_word' id='word_1_227' title='bbox 715 3621 750 3659; x_wconf 86' lang='lat' dir='ltr'><strong>se</strong></span> <span class='ocrx_word' id='word_1_228' title='bbox 773 3598 995 3680; x_wconf 84' lang='lat' dir='ltr'><strong>intelliguntur</strong></span> <span class='ocrx_word' id='word_1_229' title='bbox 1017 3593 1061 3679; x_wconf 61' lang='lat' dir='ltr'><strong>(b.</strong></span> <span class='ocrx_word' id='word_1_230' title='bbox 1084 3594 1170 3677; x_wconf 76' lang='lat'>50.):</span> <span class='ocrx_word' id='word_1_231' title='bbox 1199 3618 1251 3660; x_wconf 91' lang='lat' dir='ltr'><strong>ne·</strong></span> <span class='ocrx_word' id='word_1_232' title='bbox 1294 3646 1297 3653; x_wconf 88' lang='lat'>.</span> 
     </span>
     <span class='ocr_line' id='line_1_32' title="bbox 85 3705 1252 3796; baseline 0.007 -34"><span class='ocrx_word' id='word_1_233' title='bbox 85 3783 90 3796; x_wconf 23' lang='lat' dir='ltr'><strong><em>s</em></strong></span> <span class='ocrx_word' id='word_1_234' title='bbox 162 3705 299 3766; x_wconf 85' lang='lat' dir='ltr'><strong>cessaria</strong></span> <span class='ocrx_word' id='word_1_235' title='bbox 329 3706 483 3768; x_wconf 87' lang='lat' dir='ltr'><strong>eiusmodi</strong></span> <span class='ocrx_word' id='word_1_236' title='bbox 516 3709 800 3771; x_wconf 83' lang='lat' dir='ltr'><strong>demonstrationis</strong></span> <span class='ocrx_word' id='word_1_237' title='bbox 829 3708 987 3794; x_wconf 82' lang='lat' dir='ltr'><strong>principia</strong></span> <span class='ocrx_word' id='word_1_238' title='bbox 1022 3719 1116 3769; x_wconf 83' lang='lat' dir='ltr'><strong>erunt</strong></span> <span class='ocrx_word' id='word_1_239' title='bbox 1142 3709 1252 3772; x_wconf 90' lang='lat' dir='ltr'><strong>defini-</strong></span> 
     </span>
    </p>
   </div>
   <div class='ocr_carea' id='block_1_3' title="bbox 159 3878 359 3890">
    <p class='ocr_par' dir='ltr' id='par_1_9' title="bbox 159 3878 359 3890">
     <span class='ocr_line' id='line_1_33' title="bbox 159 3878 359 3890; baseline 0.005 -2"><span class='ocrx_word' id='word_1_240' title='bbox 159 3878 359 3890; x_wconf 52' lang='lat' dir='ltr'><strong>m—</strong></span> 
     </span>
    </p>
   </div>
   <div class='ocr_carea' id='block_1_4' title="bbox 159 3978 1252 4145">
    <p class='ocr_par' dir='ltr' id='par_1_10' title="bbox 159 3978 1252 4145">
     <span class='ocr_line' id='line_1_34' title="bbox 230 3978 1252 4060; baseline 0.01 -27"><span class='ocrx_word' id='word_1_241' title='bbox 230 3983 252 4048; x_wconf 78' lang='lat'><strong>¹)</strong></span> <span class='ocrx_word' id='word_1_242' title='bbox 271 3978 334 4034; x_wconf 85' lang='lat' dir='ltr'><strong>Inde</strong></span> <span class='ocrx_word' id='word_1_243' title='bbox 352 3980 502 4058; x_wconf 75' lang='lat' dir='ltr'><strong>apudcos:</strong></span> <span class='ocrx_word' id='word_1_244' title='bbox 520 3983 568 4039; x_wconf 79' lang='lat' dir='ltr'><strong>das</strong></span> <span class='ocrx_word' id='word_1_245' title='bbox 586 3981 793 4051; x_wconf 85' lang='lat' dir='ltr'><strong>Urmittelbare,</strong></span> <span class='ocrx_word' id='word_1_246' title='bbox 811 3981 840 4040; x_wconf 87' lang='lat' dir='ltr'><strong>id</strong></span> <span class='ocrx_word' id='word_1_247' title='bbox 858 3982 942 4060; x_wconf 88' lang='lat' dir='ltr'><strong>quod,</strong></span> <span class='ocrx_word' id='word_1_248' title='bbox 959 3981 1029 4041; x_wconf 81' lang='lat' dir='ltr'><strong>nulla</strong></span> <span class='ocrx_word' id='word_1_249' title='bbox 1047 4002 1125 4042; x_wconf 79' lang='lat' dir='ltr'><strong>cauca</strong></span> <span class='ocrx_word' id='word_1_250' title='bbox 1142 3987 1252 4043; x_wconf 82' lang='lat' dir='ltr'><strong>interce·</strong></span> 
     </span>
     <span class='ocr_line' id='line_1_35' title="bbox 159 4064 1172 4145; baseline 0.023 -26"><span class='ocrx_word' id='word_1_251' title='bbox 159 4064 246 4131; x_wconf 77' lang='lat' dir='ltr'><strong>dente,</strong></span> <span class='ocrx_word' id='word_1_252' title='bbox 265 4088 279 4120; x_wconf 81' lang='lat' dir='ltr'><strong>a</strong></span> <span class='ocrx_word' id='word_1_253' title='bbox 297 4087 376 4124; x_wconf 85' lang='lat' dir='ltr'><strong>sensu</strong></span> <span class='ocrx_word' id='word_1_254' title='bbox 395 4071 544 4145; x_wconf 83' lang='lat' dir='ltr'><strong>corripitur.</strong></span> <span class='ocrx_word' id='word_1_255' title='bbox 1166 4070 1172 4083; x_wconf 63' lang='grc'><em>’</em></span> 
     </span>
    </p>
   </div>
   <div class='ocr_carea' id='block_1_5' title="bbox 0 0 1317 4546">
    <p class='ocr_par' dir='ltr' id='par_1_11' title="bbox 0 0 1317 4546">
     <span class='ocr_line' id='line_1_36' title="bbox 0 0 1317 4546; baseline 0 0"><span class='ocrx_word' id='word_1_256' title='bbox 0 0 1317 4546; x_wconf 95' lang='lat' dir='ltr'><strong> </strong></span> 
     </span>
    </p>
   </div>
  </div>
 </body>
</html>
