2618 4546
175 110 243 217 1016
778 201 790 263 ,

171 327 272 411 paret.
316 319 424 396 Quare
451 316 606 381 eiusmodi
632 315 780 382 definitio
806 337 863 398 oop
864 336 911 376 ιπ
898 309 986 399 pe'oop
989 339 1023 377 ια
1048 327 1113 398 cst,
1141 318 1258 404 quippe

171 455 251 517 quae
273 451 369 495 causa
389 441 541 535 tanquam
562 431 698 500 termino
720 429 824 493 medio
846 430 945 495 tacite
965 431 1104 510 nitatur‚
1128 450 1258 492 causam

84 532 87 553 '
172 567 245 610 vero
266 546 370 630 ipsam
395 552 588 627 praetereat,
617 544 665 606 ita
692 553 743 622 ut,
771 542 853 623 quod
875 540 1088 605 concludendo
1119 541 1258 605 allicitur

171 649 432 740 (συμπέρασμα),
461 673 521 717 neo
548 665 655 717 tamen
682 654 835 736 quomodo
862 653 1036 733 efficiatur,
1069 653 1257 717 definitione

172 766 465 855 comprehendatur.
514 765 555 828 In
581 754 789 847 quadratione
816 766 1005 851 exponenda
1038 767 1067 828 si
1102 766 1257 841 adieceris

171 883 313 946 diversas
335 899 404 942 essa
432 877 552 962 figuras
580 888 788 959 exaequatos,
814 872 919 939 media
948 877 1184 963 proportionali
1209 878 1258 939 in-

170 993 340 1079 terposita:
374 991 439 1053 iam
466 981 681 1068 συμπέρασμα
707 989 743 1051 in
770 989 911 1051 universi
938 987 1118 1071 syllogismi
1146 987 1258 1051 simili.

170 1106 312 1170 tudinem
341 1103 424 1181 abit;
460 1121 555 1166 causa
587 1102 673 1164 enim
701 1101 810 1164 addita
839 1111 888 1163 est
919 1078 1073 1182 tanquam
1103 1101 1259 1164 terminus

169 1217 300 1280 medius.
345 1213 472 1280 Etenim
500 1214 528 1274 si
557 1200 641 1274 inter
670 1213 748 1277 duas
777 1212 900 1293 lineas,
929 1232 1009 1294 quae
1039 1211 1260 1294 rectangulum

171 1327 383 1405 constituunt,
405 1325 542 1387 mediam
563 1324 834 1410 proportionalem
856 1326 922 1387 sive
944 1344 1075 1386 numero
1098 1325 1260 1387 inveneris

71 1478 72 1482 =
170 1442 236 1504 sive
260 1429 603 1520 figura'construxeris
626 1437 758 1517 (Euclid.
782 1436 871 1499 alem.
895 1435 956 1498 Vl.
981 1434 1063 1518 13.):
1093 1438 1158 1499 iam
1185 1455 1260 1516 qua-

172 1553 272 1630 drati,
301 1549 383 1631 quod
414 1550 556 1631 quaeris,
585 1547 669 1612 latus
691 1550 795 1616 aderit
826 1548 961 1630 (Euclid.
984 1541 1073 1611 elem
1096 1547 1158 1610 Vl.
1183 1547 1259 1626 ll).

172 1663 265 1740 Quod
287 1660 316 1722 si
338 1661 379 1725 ad
401 1660 582 1744 syllogismi
604 1661 772 1724 formulam
794 1661 1005 1743 revocaveris,
1035 1680 1163 1724 causam
1185 1678 1259 1721 ean-

170 1777 241 1836 dem
264 1793 333 1835 esso
355 1784 447 1853 atque
470 1774 639 1840 terminum
661 1773 799 1835 medium
821 1774 1000 1861 apparebit,
1023 1783 1055 1835 et
1078 1773 1203 1854 quidem
1225 1770 1260 1832 in

170 1886 256 1950 hunc
278 1885 342 1946 lere
365 1884 506 1946 modum:

213 1997 351 2069 Externi
376 1996 592 2087 proportionis
623 1996 750 2059 numeri
778 1996 864 2059 inter
890 2017 925 2060 se
953 1996 1157 2083 multiplicati
1185 2014 1258 2077 qua-

256 2110 347 2171 drato
369 2107 492 2169 mediae
513 2107 763 2192 proportionalis
785 2119 860 2171 sunt
882 2109 1039 2189 aequales.
1060 2126 1065 2137 ‘
1102 2106 1109 2113 '
1157 2158 1161 2167 .

214 2219 316 2301 Atqui
338 2217 555 2301 rectangulum
584 2229 708 2283 constat
734 2239 775 2282 ex
796 2216 948 2307 eisternis¹
961 2218 1181 2306 proportionis
1201 2235 1256 2280 nu·

256 2331 354 2394 meris
379 2330 465 2393 inter
487 2349 521 2390 se
544 2327 773 2421 multiplicatis

212 2459 298 2538 Ergo
320 2446 539 2535 rectangulum
561 2464 675 2532 aequat
698 2455 894 2533 quadratum.
926 2443 928 2448 ’

170 2569 288 2635 Omnia
310 2567 409 2649 igitur
432 2566 527 2627 ineo
549 2575 624 2633 sum
651 2564 774 2649 posita,
797 2577 832 2628 ut
854 2564 1036 2648 rectanguli
1057 2563 1161 2629 latera
1183 2582 1254 2626 con-

169 2684 279 2747 tinuae
307 2675 523 2764 proportionis
549 2675 640 2756 quasi
669 2677 806 2745 extremi
835 2675 916 2751 fiant
943 2677 1084 2754 numeri3
1113 2676 1147 2745 id
1177 2670 1255 2757 quod

167 2793 239 2857 fieri
261 2789 381 2871 nequit,
404 2788 469 2850 nisi
491 2787 622 2850 inventa
644 2788 748 2850 media
769 2788 1002 2874 proportionali
1019 2787 1057 2866 ¹).

255 2901 323 2963 νῦν
355 2890 417 2980 δέ]
455 2900 544 2973 Quae
576 2898 734 2983 particula
768 2900 851 2985 apud
877 2898 1086 2964 Aristotelem
1118 2899 1255 2960 maxime

168 3013 355 3091 conditioni,
384 3029 465 3092 quae
491 3009 542 3072 vel
569 3029 638 3071 esse
667 3030 762 3096 posse
784 3013 943 3096 cogitatur
970 3010 1021 3073 vel
1047 3031 1117 3076 esse
1145 3011 1256 3073 debere

166 3166 367 3190 Μ.

238 3257 262 3324 ¹)
278 3251 435 3313 Universum
453 3250 519 3307 hanc
537 3271 629 3309 causae
648 3261 675 3309 ct
692 3254 796 3310 termini
813 3252 895 3310 modii
911 3253 1129 3329 comparationem
1147 3252 1180 3308 ob
1197 3250 1257 3307 Ari·

167 3343 264 3401 stotelc
281 3340 414 3399 subtiliter
431 3341 590 3408 institutum,
615 3341 762 3396 universam
787 3340 929 3396 definiendi
953 3339 1114 3421 diligentiam
1139 3347 1256 3396 accurate

169 3439 336 3510 praeceptam
349 3430 366 3483 ii
379 3437 477 3485 temere
487 3426 664 3499 neglexerunt,
683 3449 727 3502 qur
721 3427 850 3501 'logicam
860 3450 874 3483 a
886 3427 964 3483 rebus
978 3427 1012 3482 ad
1027 3446 1110 3483 meras
1127 3422 1257 3499 cogitandi

166 3519 263 3575 formas
278 3515 435 3577 avocandum
450 3524 592 3572 censerent
620 3514 646 3570 A
661 3536 711 3590 qua
728 3516 906 3589 soporatione,
920 3516 1076 3592 speciosiori
1095 3512 1137 3568 illa
1150 3511 1256 3588 quidem

167 3625 246 3681 quam
256 3605 361 3669 veriori,
372 3600 529 3659 Aristoteles
539 3588 621 3669 abest,
633 3602 715 3677 quiin
726 3603 906 3658 renunciatione
919 3611 1035 3656 naturam
1046 3599 1089 3657 vel
1099 3601 1257 3673 coniungen-

170 3702 224 3748 tcm
247 3688 289 3746 vel
314 3689 476 3751 dirimentem
500 3689 536 3760 (§.
555 3693 605 3757 1.‚)
629 3689 657 3742 in
679 3697 753 3742 ceter
738 3691 818 3763 goriic
840 3707 927 3747 rerum
951 3687 992 3745 vel
1017 3689 1188 3744 substantiam
1213 3684 1257 3741 vel
1282 3680 1289 3703 '

167 3777 310 3841 accidentia
328 3776 440 3847 (§.11.)‚
458 3779 485 3832 ln
504 3774 648 3848 syllogismi
666 3777 777 3832 termino
794 3774 882 3831 medio
895 3795 1028 3831 causarum
1041 3794 1135 3849 genero
1152 3775 1187 3843 (§.
1201 3777 1257 3841 59),

166 3869 195 3924 in
213 3864 365 3920 definitione
382 3873 532 3920 noscentem
549 3881 636 3918 rerum
654 3861 771 3918 ordinem
790 3863 826 3933 (ξ,
845 3864 900 3930 57.)
923 3861 1055 3944 sequente
1073 3882 1131 3917 essa
1150 3860 1256 3917 iudicat.

167 3952 222 4010 Sed
240 3952 303 4007 hoec
321 3949 447 4006 hocloco
465 3951 547 4024 magis
564 3948 750 4023 significamus,
769 3966 846 4033 ‹puam
864 3949 1028 4033 exponimus.
1065 3949 1107 4006 Ah
1120 3947 1259 4005 clementis

165 4042 245 4109 enirn,
263 4041 290 4096 in
307 4037 403 4115 quibus
420 4050 563 4105 versamur,
580 4035 664 4092 aliena
682 4044 751 4093 suot
