2618 4546
1119 148 1187 223 107

102 338 312 427 praecipitus,
341 337 388 402 ita
409 338 541 425 opponit
566 347 781 423 praesentem,
809 354 889 416 quae
916 334 1114 419 domlaatur,
1141 341 1190 404 rei

73 528 80 541 ⁵
102 452 276 531 rationem,
297 461 333 513 ut
352 451 456 514 subita
476 449 611 532 quadam
632 450 785 512 brevitate
807 449 984 514 orationem
1005 449 1190 536 praecidere

103 563 209 628 soleat
230 573 263 625 et
284 560 334 643 id,
362 562 446 643 quod
472 584 540 627 esse
567 560 618 625 vel
645 563 747 648 possit
768 560 818 624 vel
839 562 967 642 debeat,
997 563 1190 646 cogitatione

104 672 286 739 addendum
309 673 476 756 relinquat.
529 671 689 738 Similiter
718 674 783 736 iam
810 674 894 759 apud
914 672 1109 738 Herodotum
1130 674 1190 737 ΙΙΙ.

104 784 158 853 se.
202 781 659 852 commonuisset.
704 760 807 872 sipi.
829 785 909 848 on.
936 797 999 869 tyr.
1030 784 1124 851 1511.
1152 789 1190 851 a.

106 897 148 962 cd
168 896 275 963 Arist.
301 896 333 961 d.
353 918 406 961 an.
434 897 478 962 11.
508 896 537 960 i.
564 896 592 976 ὑ.
619 894 650 962 8.
701 896 773 961 Hoc
799 896 869 961 loeo
897 898 1058 979 definitio,
1088 898 1193 980 qualis

107 1028 177 1075 esse
197 1008 293 1091 solet,
315 1009 505 1090 definitioni,
528 1006 631 1091 qualis
652 1031 722 1073 esse
745 1009 847 1086 debet,
867 1012 966 1076 tacite
988 1011 1166 1099 opponitur.
1209 988 1216 1025 '

601 1122 628 1201 ᾗ.
652 1121 706 1186 61.

194 1231 236 1298 Si
258 1234 451 1319 praecipitur
470 1232 510 1314 (ὁ.
534 1233 587 1298 57.
603 1231 655 1298 58.
673 1233 748 1314 aaa,
771 1245 806 1298 ut
828 1232 1008 1298 definitioni
1030 1235 1078 1298 rei
1099 1253 1195 1296 eausa

108 1346 201 1410 insit:
223 1343 286 1410 hoa
308 1356 511 1433 praeceptum
533 1358 598 1409 tam
626 1344 691 1408 late
716 1358 826 1433 patere
851 1359 972 1432 potest,
1002 1366 1096 1428 quam
1122 1365 1195 1408 cau-

108 1476 228 1545 sarum·
241 1458 393 1521 rationes.
440 1458 508 1523 Has
534 1478 608 1521 vero
637 1478 732 1542 quum
759 1458 794 1521 in
822 1458 984 1522 infinitum
1011 1460 1100 1522 abire
1130 1476 1196 1520 non

108 1590 203 1657 posse
224 1568 268 1650 (ᾗ.
292 1565 357 1650 48.)
378 1568 647 1663 intellexerimus,
675 1582 712 1634 ut
732 1572 926 1658 principium
948 1591 1017 1634 esse
1040 1581 1196 1655 oporteat,

63 1750 68 1761 ¹
109 1681 193 1763 quod
213 1682 318 1767 ipsum
333 1700 428 1744 eausa
443 1683 496 1761 sit,
520 1684 608 1746 euius
623 1683 723 1768 ipsius
741 1683 831 1746 nulla
853 1682 894 1763 (ἦ.
915 1679 965 1747 tt).
982 1680 1063 1762 50.):
1085 1683 1199 1743 iamet

63 1822 70 1833 ·
108 1793 292 1857 necessario
319 1793 520 1858 definitiones
549 1806 643 1858 erunt
671 1797 800 1859 termini
825 1796 923 1859 medii
946 1806 1099 1875 tanquam
1126 1813 1198 1854 cau

108 1924 166 1968 sae
192 1884 338 1991 expertes
367 1890 562 1985 (αμεσοι)(
496 1904 655 1983 ΗΜ.
628 1905 760 1988 53)
810 1908 918 1982 Quare
950 1904 1139 1990 disciplinae
1166 1916 1200 1966 et

109 2035 163 2080 res
189 2028 311 2103 ponent
331 2027 483 2098 tanquam
504 2017 664 2102 simplices
692 2031 724 2080 et
750 2038 861 2081 aarum
883 2018 1086 2081 definitiones
1109 2016 1200 2096 quasi

109 2146 168 2214 per
189 2148 224 2191 se
245 2128 376 2214 planas;
399 2129 657 2211 quemadmodum
674 2129 895 2195 arithmeticus
909 2130 946 2194 in
958 2127 1105 2211 monade,
1127 2146 1201 2211 geo·

110 2252 212 2305 metra
233 2242 269 2305 in
289 2241 387 2329 spatii
409 2241 574 2305 elementis
596 2243 675 2324 agit.

608 2354 634 2432 i.
658 2352 711 2418 62.

199 2466 304 2540 Quum
326 2485 392 2530 non
414 2464 517 2528 solum
542 2465 617 2544 quid
638 2467 683 2527 sit
703 2466 834 2551 ponitur
850 2453 1015 2546 (ὅρισμὸς),
1036 2462 1205 2525 sedetiam

112 2595 179 2638 rem
205 2599 275 2641 esse
297 2613 341 2625 -
362 2577 397 2642 id
424 2576 506 2657 quod
527 2576 563 2638 in
584 2576 720 2639 monade
741 2575 781 2640 fit
802 2597 862 2638 -ι
884 2572 977 2645 θέσις
998 2575 1033 2637 in
1054 2560 1207 2642 dadacum

113 2691 188 2753 abit.
244 2686 284 2752 Si
317 2690 352 2751 in
386 2687 562 2774 geometria
593 2687 717 2770 figurae
752 2686 966 2765 definiuntur,
1003 2686 1051 2749 ita
1082 2685 1207 2766 quidem

112 2815 148 2864 ut
173 2814 284 2889 postea
313 2823 382 2864 esse
409 2802 680 2863 demonstrentur:
714 2792 805 2870 &doec
832 2810 897 2878 est3
935 2799 965 2861 si
997 2796 1085 2861 linea
1118 2809 1206 2860 recta

113 2912 303 3000 postulatum,
342 2902 508 2993 ὑπόξὲισις
549 2909 629 2976 haee
665 2913 752 2975 enim
789 2931 860 2972 esse
894 2910 1018 2992 aliquid
1051 2920 1106 2972 aut
1140 2927 1209 2969 non

114 3046 182 3087 esse
220 3037 373 3106 tanquam
404 3024 599 3113 principium
632 3024 730 3088 sumit
763 3023 1050 3088 demonstrationis
1085 3040 1208 3106 expers.

116 3138 224 3212 Quare
251 3126 402 3206 ὑπόβεσις
433 3137 474 3199 ad
502 3136 535 3199 id
566 3136 740 3220 redigitur,
776 3143 814 3197 ut
839 3152 882 3195 ex
911 3135 1129 3222 propositione
1164 3132 1211 3194 ita

113 3250 260 3312 bifariam
300 3250 416 3328 divisa,
454 3260 489 3313 ut
529 3249 613 3312 idem
654 3259 709 3312 aut
750 3245 933 3311 affirmetur
974 3257 1030 3308 aut
1066 3255 1211 3326 negetur,

113 3360 300 3424 alterutram
324 3372 454 3490 partem
481 3360 663 3424 necessario
691 3359 868 3422 contendat
904 3356 971 3453 (riq,-
1000 3344 1221 3430 damtune,

111 3495 179 3533 osor
199 3465 282 3554 ite'yos
303 3458 471 3532 ‚deinoi
461 3494 487 3529 ι
511 3495 530 3546 η
557 3495 601 3552 μη
624 3458 785 3551 essurire).
840 3444 1009 3553 Quidquid
1037 3466 1141 3551 igitur
1170 3472 1229 3523 aut

112 3605 181 3647 rem
208 3607 278 3648 esse
307 3596 363 3646 aut
390 3600 457 3649 noa
483 3604 553 3647 esse
581 3581 740 3671 postulat,
781 3580 963 3648 Aristoteli
992 3595 1044 3647 est
1071 3562 1233 3643 ὖτῦἓεσες

111 3696 168 3777 (ei.
192 3696 310 3780 asaalyt.
333 3706 415 3782 post·
437 3694 465 3759 Ι.
491 3693 566 3776 10.).
590 3721 594 3728 ·

199 3808 279 3872 indo
300 3806 452 3871 facillime
474 3828 513 3871 ea
535 3804 732 3895 significatio
755 3805 912 3885 manavit,
937 3821 1036 3883 quarn
1054 3821 1143 3864 niune
1161 3795 1227 3881 qui·

113 3919 184 3981 dem
206 3907 358 3989 ὑπόθεσις
380 3917 487 3997 habet,
510 3932 545 3982 ut
566 3918 721 3980 scientiae
744 3916 872 3995 aliquod
896 3918 1150 3983 ietrrdamentum
1172 3931 1228 3997 po-

114 4043 210 4094 natur
236 4048 296 4116 per
321 4051 357 4093 so
383 4031 510 4112 quidem
536 4031 711 4107 incernam,
741 4047 784 4091 ex
805 4044 869 4107 quo
890 4031 994 4114 quasi
1014 4053 1037 4097 a
1059 4027 1109 4090 rei
1131 4042 1228 4087 eausa
